2978 5124
569 1047 935 1140 AENEIDOS

569 1319 703 1386 urana
725 1319 935 1386 numnius,
1153 1424 1204 1474 s
1231 1335 1283 1448 75

258 1529 420 1595 Paunrrun
435 1533 554 1594 interea
569 1527 678 1595 domus
693 1531 911 1617 omnipotentis
926 1527 1065 1618 Olympi,

256 1631 493 1718 conciliumque
508 1647 600 1698 vocat
615 1632 723 1698 divum
738 1647 829 1720 pater
844 1647 936 1720 atque
952 1634 1108 1699 hominum
1122 1655 1179 1699 rex

257 1735 422 1800 Sideream
437 1739 468 1799 in
484 1735 610 1815 sedem3
631 1749 732 1801 terras
747 1735 829 1801 unde
845 1736 959 1801 arduus
975 1759 1080 1801 omnes

257 1837 433 1924 Castraque
450 1837 669 1904 Dardanidum
683 1839 845 1925 adspectat
859 1839 1052 1926 populosque
1067 1839 1207 1904 Latinos.

253 1941 430 2007 Considunt
444 1943 534 2006 tectis
550 1943 771 2028 bipatentibus.
815 1943 928 2028 Incipit
942 1946 1030 2028 ipse:
1272 1949 1290 2004 ⁵

299 2043 461 2109 Coeticolae
476 2045 590 2131 magni,
605 2047 680 2130 quia
695 2067 766 2109 nam
781 2045 934 2109 sententia
950 2043 1038 2108 vobis

259 2147 362 2212 Versa
376 2159 471 2227 retro,
484 2146 663 2234 tantirmque
679 2150 789 2213 animis
804 2149 931 2213 certatis
946 2147 1081 2232 iniquis?

254 2251 436 2314 Abnueram
451 2249 535 2314 bello
549 2249 673 2314 ltaliam
687 2271 878 2315 concurrere
893 2249 1043 2314 Teucris:

255 2352 334 2434 Quae
349 2366 459 2418 contra
472 2355 602 2418 vetitum
617 2353 797 2418 discordia?
817 2353 887 2439 quis
901 2365 1001 2417 metus
1016 2364 1070 2416 aut
1084 2350 1142 2416 hos

254 2459 319 2522 Aut
334 2455 390 2521 hos
405 2479 492 2521 arma
506 2459 596 2542 sequi
611 2457 790 2542 ferrumque
805 2455 961 2521 lacessere
976 2457 1094 2518 suasitl
1253 2460 1293 2518 10

254 2557 413 2630 Adveniet
423 2560 537 2645 justum
553 2580 675 2646 pugna,
689 2581 728 2623 ne
743 2563 903 2640 arcessite,
918 2572 1048 2644 tempus,

255 2663 360 2744 Quum
375 2662 443 2725 sera
456 2658 618 2748 Carthago
634 2661 787 2726 Romanis
802 2661 927 2726 arcibus
942 2660 1015 2725 olim

254 2767 395 2832 Exitium
409 2787 553 2852 magnum
569 2780 662 2852 atque
678 2765 775 2852 Alpes
790 2769 932 2831 immittet
946 2777 1082 2851 apertas.

254 2869 337 2934 Tum
352 2881 473 2932 certare
489 2867 579 2948 odiis,
595 2880 658 2932 tum
673 2890 724 2932 res
739 2868 881 2953 rapuisse
897 2866 1024 2932 licebit:

253 2973 347 3038 Nunc
362 2971 470 3050 siaite3
491 2985 523 3035 ct
536 2970 684 3056 placitum
700 2970 763 3035 laeti
777 2971 951 3055 componite
966 2969 1079 3035 foedus.
1253 2977 1290 3040 ld

297 3076 420 3162 Jupiter
434 3076 502 3140 haec
517 3077 645 3162 paucis;
666 3089 698 3141 at
712 3099 774 3142 non
790 3075 899 3142 Venus
914 3097 1011 3141 aurea
1024 3075 1133 3142 contris

254 3179 361 3245 Pauca
375 3178 488 3243 refert:

253 3284 284 3350 Ο
298 3295 399 3370 pater,
412 3305 432 3348 o
447 3280 604 3346 bominum
618 3281 789 3370 divumque
804 3295 921 3349 aeterna
935 3295 1083 3371 potestas,

253 3387 400 3472 Namque
415 3383 501 3449 aliud
517 3383 592 3470 quid
607 3385 646 3449 sit
660 3383 744 3470 quod
755 3389 822 3474 jam
837 3386 1006 3473 implorare
1021 3393 1191 3472 queamus?

156 3567 164 3582 ⁴
249 3489 365 3554 Cemis
379 3501 413 3552 ut
427 3484 572 3551 insultent
588 3487 705 3567 Rutuli,
719 3488 906 3575 'I'urnusque
920 3491 1039 3555 feratur
1249 3497 1290 3556 20

253 3591 316 3657 Per
329 3590 450 3658 medios
465 3589 590 3676 insignis
605 3594 702 3674 equis,
717 3591 913 3678 tumidusque
928 3591 1065 3657 secundo

253 3693 358 3758 Marte
372 3707 463 3758 ruatz
484 3715 546 3757 non
559 3691 670 3757 clausa
685 3705 790 3779 tegunt
800 3695 867 3780 jam
882 3694 998 3758 moenia
1012 3693 1175 3775 Teucr0s3

252 3796 335 3880 Quin
351 3798 432 3862 intra
446 3809 552 3884 portas
568 3807 661 3880 atque
677 3797 752 3882 ipsis
766 3797 878 3882 proelia
893 3799 1023 3861 miscent

253 3899 429 3986 Aggeribus
444 3887 619 3979 murorum3
641 3911 672 3962 et
686 3897 836 3962 inundant
851 3901 999 3982 sanguine
1013 3899 1115 3964 fosse.

160 4075 166 4084 ,
253 3999 372 4068 AEneas
386 4004 512 4089 ignarus
528 4003 628 4068 abest.
673 4001 882 4086 Nunquamne
898 3999 998 4066 levari
1249 4011 1291 4076 ᾗ

252 4103 426 4169 Obsidione
441 4107 545 4169 sines?
567 4105 661 4170 muris
676 4108 787 4168 iterum
803 4103 941 4168 imminet
955 4103 1052 4172 hostis

251 4205 418 4272 Nascentis
432 4207 560 4294 Trojae3
580 4228 640 4274 nec
655 4229 717 4273 non
732 4209 889 4272 exercitus
904 4206 992 4290 alter,

515 4318 557 4378 40
