2956 5132
218 479 271 536 llll
658 474 846 539 AENElDOS

258 629 406 698 Effodere
422 629 492 694 loco
507 632 636 716 signum,
652 625 739 714 qdod·
751 634 839 716 regia
853 630 936 695 Juno

258 733 456 812 Monstrat-at,
471 747 565 818 caput
580 736 663 796 acris
678 736 750 818 equi
763 757 771 812 3
794 736 839 797 sic
854 755 926 798 nam
941 735 1009 800 sore
1024 735 1110 805 bello

258 837 424 924 Egregium
440 849 471 900 et
485 833 611 902 facilem
625 838 710 900 victu
724 857 782 919 per
796 835 923 900 saecula
927 849 1062 924 gentem.
1227 853 1288 912 445

258 942 323 1005 Hic
340 939 487 1026 templum
502 939 617 1003 Junoni
632 941 741 1024 ingens
757 938 887 1004 Sidonia
905 940 991 1006 Dido

257 1044 433 1122 Condebat,
448 1042 538 1106 donis
553 1039 731 1126 opulentum
748 1055 777 1106 et
792 1047 918 1108 numine
933 1045 1035 1126 divae3

257 1147 352 1212 AErea
367 1150 417 1210 cui
433 1144 583 1232 gradibus
598 1145 766 1231 surgebant
782 1143 899 1228 limina,
914 1169 1066 1237 nexaeque

257 1249 330 1314 AEre
344 1249 460 1328 trabes,
475 1247 594 1311 loribus
609 1245 707 1311 cardo
720 1241 875 1313 stridebat
889 1249 1012 1318 ahenis.

256 1355 329 1418 Hoc
344 1349 478 1438 primtim
493 1354 524 1416 in
541 1349 612 1415 luco
626 1373 707 1415 nova
721 1373 773 1415 res
787 1330 894 1418 hblata
909 1357 1053 1423 timorem

256 1457 378 1522 Leniit:
402 1455 454 1520 hlc
469 1452 603 1540 primdm
619 1453 733 1518 AEneas
748 1476 877 1540 sperare
892 1457 1024 1525 salutem

255 1563 367 1638 Ausus,
382 1571 412 1622 et
427 1555 548 1622 afflictis
563 1553 673 1620 melitis
688 1555 846 1622 confidere
861 1560 967 1625 rebus.

255 1661 409 1745 Namque,
424 1659 482 1723 sub
497 1661 613 1744 ingenti
628 1657 738 1722 lustrat
752 1657 825 1724 dum
840 1662 962 1748 singula
976 1665 1102 1752 templo,

256 1762 410 1848 Reginam
425 1763 602 1846 opperiens,
613 1759 697 1838 durn,
712 1777 782 1844 quat
798 1761 922 1828 fortuna
937 1768 977 1828 sit
991 1767 1074 1848 urbi,

254 1864 479 1948 Artificumque
495 1883 603 1926 manus
619 1863 700 1925 inter
713 1883 757 1941 se,
772 1883 964 1949 operumque
980 1865 1131 1949 laborem,
1222 1881 1284 1938 455

255 1963 398 2047 Miratur,
413 1965 500 2031 videt
515 1965 628 2030 lliacas
643 1987 684 2029 ex
698 1965 809 2064 ordine
824 1987 952 2053 pugnas,

255 2070 407 2158 Bellaque
417 2072 484 2158 jam
500 2069 582 2134 lama
597 2082 693 2133 totum
708 2068 834 2156 vulgata
848 2091 906 2155 per
920 2072 1048 2153 orbem3

254 2178 391 2258 Atridas,
407 2168 637 2263 Priamumque,
653 2190 683 2240 et
698 2195 814 2242 savum
831 2179 983 2244 ambobus
999 2181 1168 2250 Achillem.

252 2281 417 2360 Constitit3
440 2292 471 2344 et
485 2278 675 2365 lacrymans,
690 2279 769 2361 Quis
779 2283 847 2366 jam
863 2281 958 2362 locus,
975 2287 1086 2369 inquit,
1100 2287 1233 2369 Achate,

252 2389 331 2468 Qum
347 2388 433 2471 regio
448 2387 480 2448 in
495 2387 586 2447 terris
602 2387 699 2446 nostrl
713 2405 774 2447 non
789 2383 883 2468 plena
899 2385 1039 2452 laboris?
1220 2397 1283 2456 460

254 2489 301 2552 En
318 2485 478 2551 Priamus:
502 2497 572 2547 sunt
587 2483 639 2547 htc
656 2485 750 2547 etiam
765 2507 820 2549 sua
836 2491 968 2572 praemia
984 2489 1079 2571 laudi,

253 2593 329 2656 Sunt
345 2587 492 2674 lacryma
508 2608 621 2666 rerum,
636 2599 667 2649 et
681 2599 815 2651 mentem
830 2590 975 2656 mortalia
990 2605 1127 2679 tangunt.

253 2693 346 2757 Solve
360 2703 476 2770 metus3
499 2691 577 2754 leret
592 2689 662 2753 haec
678 2687 815 2774 aliquam
831 2692 890 2756 tibi
902 2693 986 2759 sama
1000 2696 1142 2762 salutem.

253 2796 305 2859 Sic
321 2797 374 2872 ait,
389 2806 482 2877 atque
498 2795 633 2856 animuin
648 2791 771 2876 pictura
784 2796 886 2877 pascit
902 2797 997 2877 inani,

148 2884 154 2895 ¹
252 2895 352 2963 Multa
366 2917 502 2983 gemens
516 2893 666 2980 largoque
681 2893 840 2960 humectat
855 2895 979 2962 flumine
994 2899 1123 2967 vultum.
1220 2907 1281 2968 465

251 3001 395 3085 Namque
410 2998 540 3063 videbat
554 2999 598 3062 utl
613 2995 766 3062 bellantes
784 2998 937 3086 Pergama
950 3003 1071 3068 circum

253 3103 327 3168 Heic
343 3104 484 3190 fugerent
498 3101 598 3180 Graii,
613 3114 770 3185 premeret
785 3101 926 3190 Trojano
935 3105 1099 3191 juventus3

251 3207 324 3272 Hac
341 3206 492 3292 Phryges,
507 3207 637 3293 instaret
651 3226 746 3268 curru
760 3207 906 3270 cristatus
921 3205 1073 3272 Achilles.

252 3311 320 3375 Nec
335 3306 445 3394 procul
460 3307 534 3372 hinc
551 3305 650 3370 Rhesi
666 3309 766 3371 niveis
781 3311 914 3372 tentoria
929 3309 1008 3372 velis

251 3415 401 3500 Agnoscit
415 3409 605 3496 lacrymans,
619 3413 721 3494 primo
735 3429 806 3494 qute
820 3409 946 3496 prodita
960 3433 1068 3477 somno
1219 3421 1281 3479 470

252 3515 397 3603 Tydides
412 3512 507 3578 multa
522 3512 668 3576 vastabat
682 3512 770 3577 caede
785 3528 949 3594 cruentus3

253 3618 469 3701 Ardentesque
485 3617 599 3679 avertit
613 3635 713 3700 equos
728 3618 760 3678 in
776 3631 889 3697 castra,
903 3616 990 3704 priris
1006 3619 1098 3705 qudm

252 3721 372 3785 Pabula
386 3718 559 3806 gustassent
573 3717 689 3806 Trojae‚
705 3717 925 3804 Xanthumque
940 3721 1104 3786 bibissent.

253 3823 345 3888 Parte
361 3822 423 3887 alia
439 3823 559 3909 lugiens
575 3825 697 3886 amissis
713 3819 839 3886 Troilus
854 3825 959 3901 armis,

252 3926 363 3992 lnfclix
378 3947 466 4010 puer,
481 3939 574 4010 atque
589 3928 691 4010 impar
705 3945 888 4010 congressus
903 3921 1031 4005 Achilli,
1216 3933 1279 3992 475

253 4029 365 4093 Fertur
379 4029 477 4109 equis,
492 4047 648 4111 curruque
665 4025 761 4090 heret
775 4029 939 4112 resupinus
953 4028 1049 4108 inani,

252 4132 337 4195 Lora
351 4142 459 4192 tenens
474 4141 595 4194 tamen:
619 4129 691 4193 huic
706 4131 878 4213 cervixque
893 4147 1055 4216 comaeque
1070 4129 1232 4215 trahuntur
