2992 5102
685 511 803 574 LIBER
822 512 857 608 li.

274 668 410 735 Tmolus
426 681 459 733 et
475 667 605 750 assurgit
620 666 741 751 quibus,
757 681 789 730 et
802 687 860 729 rex
875 665 941 751 ipsa
958 659 1132 745 Phaneus3

277 776 457 860 Argitisque
474 775 583 848 minor,
596 774 646 836 eui
659 793 717 835 uou
734 771 897 836 certaverit
912 771 973 833 ulia

279 883 347 948 Aut
360 879 476 944 tautum
493 878 604 959 fluere,
619 891 671 940 aut
685 876 812 940 totidem
828 875 939 938 durare
955 893 1011 958 per
1027 885 1146 938 annos.¹
1256 875 1318 936 100

286 985 357 1051 Nou
372 1005 432 1068 ego
448 1001 492 1061 re,
508 981 556 1046 dis
573 998 603 1046 et
618 983 732 1045 mensis
748 997 875 1066 accepta
892 981 1047 1058 secundis,

286 1087 488 1164 Transierim,
506 1089 641 1163 Rhodia,
653 1103 683 1152 et
698 1087 832 1163 tumidis,
848 1087 998 1164 homesta,
1015 1087 1157 1152 racemis.

288 1193 352 1256 Sed
369 1213 473 1278 neque
490 1192 581 1275 quem
597 1193 697 1256 multe
714 1192 845 1276 species,
861 1212 920 1254 nec
937 1193 1058 1255 nomina
1074 1211 1140 1276 quae
1156 1191 1225 1269 siut,

291 1297 349 1361 Est
363 1318 532 1376 numems;
554 1317 655 1381 neque
672 1298 753 1360 enim
768 1317 897 1362 numero
913 1297 1135 1382 comprendere
1150 1296 1266 1362 reicit:

287 1401 392 1476 Quem
410 1403 461 1485 qui
478 1401 655 1477 serraverii,
672 1398 783 1484 Libyci
799 1402 870 1465 velit
886 1402 1015 1486 equoris
1030 1401 1111 1466 idem
1257 1405 1329 1478 105¹

286 1507 419 1572 Discere
435 1507 526 1592 quim
542 1509 645 1572 multae
662 1507 798 1592 zephyro
814 1507 970 1592 turbemur
986 1527 1107 1586 arene3

288 1612 363 1689 Aut,
377 1615 428 1677 ubi
443 1614 570 1697 navigiis
585 1614 746 1681 violentior
761 1613 867 1678 incidit
882 1635 984 1693 eurus,

293 1715 393 1782 Nbsse
410 1735 481 1804 quot
497 1720 573 1784 ionii
588 1721 712 1784 veniant
726 1722 766 1785 ad
781 1720 878 1784 littora
891 1722 1011 1786 fluetus.

337 1823 405 1887 Nec
420 1825 492 1888 verri
507 1843 596 1890 terre
613 1824 694 1889 serre
709 1847 816 1890 omnes
831 1827 931 1890 omnia
947 1841 1092 1910 possunt:

292 1925 482 1993 Fluminibus
497 1931 620 2008 salices,
635 1931 807 2014 crassisque
823 1931 985 2016 paludibus
1000 1934 1070 2010 alui,
1159 2006 1162 2019 .

289 2030 476 2112 Nascuntur,
492 2037 611 2102 steriles
626 2036 744 2100 saxosis
758 2038 910 2100 montibus
924 2039 1014 2117 orni;
1031 2043 1082 2108 Μ
1092 2058 1103 2104 t
1118 2030 1178 2095 atie

291 2135 410 2202 Littora
426 2141 565 2222 myrtetis
579 2141 730 2205 letissima
745 2163 754 2220 3
777 2142 910 2226 denique
926 2153 1048 2225 apertos

290 2239 440 2308 Bacchus
456 2261 538 2310 amat
551 2247 654 2326 cottas,
672 2247 844 2332 aquilonem
861 2262 893 2311 et
907 2246 1018 2331 frigore
1034 2249 1108 2312 texi.

335 2349 476 2433 Adspice
493 2364 524 2413 et
539 2352 681 2416 extremis
697 2353 843 2417 domitum
861 2354 1026 2417 cultoribus
1041 2353 1158 2433 orbem,

286 2451 440 2538 ansque
456 2456 562 2519 domos
577 2456 724 2535 Arabum,
740 2459 899 2544 pictosque
917 2459 1063 2524 Gelonos.
1088 2500 1095 2510 -
1212 2463 1215 2471 '

288 2557 406 2623 Divisae
422 2560 577 2624 arboribus
592 2563 719 2646 patrie:
741 2563 806 2628 sola
817 2560 904 2627 ludis
918 2565 1037 2648 nigrum
1130 2607 1131 2612 κ
1183 2575 1186 2583 “

291 2663 370 2728 Fert
385 2667 540 2745 ebenum3
563 2666 636 2732 solis
652 2683 699 2732 est
715 2669 823 2734 thurea
839 2672 922 2754 virga
939 2669 1064 2734 Sabaeis.

291 2765 378 2844 Quid
392 2771 444 2836 tibi
460 2773 588 2836 odorato
602 2771 735 2837 reseram
750 2775 889 2839 sudantia
904 2775 986 2859 ligno

290 2873 509 2962 Bolamque,
526 2892 558 2942 et
573 2880 686 2944 baccas
701 2901 823 2965 semper
839 2881 1006 2946 frondentis
1022 2880 1169 2946 acautbi?

295 2981 381 3055 Quid
397 3004 522 3048 nemora
536 2983 718 3068 AEthiopum
733 2986 817 3050 molli
832 2986 972 3050 canentia
987 2983 1080 3050 laud?
1260 2989 1323 3051 120

290 3085 477 3173 velleraque
494 3103 527 3152 ut
541 3087 620 3152 foliis
636 3089 801 3176 depectant
815 3093 917 3155 tenuia
934 3090 1054 3158 Seres?

296 3191 363 3256 Aut
376 3215 452 3277 quos
466 3214 585 3256 occano
602 3194 725 3279 propior
740 3196 818 3280 gerit
832 3195 919 3261 India
935 3195 1031 3273 lucos,
1049 3222 1061 3236 ·

291 3295 437 3363 Extremi
453 3302 535 3363 sinus
550 3300 654 3380 orbis;
677 3301 728 3366 ubi
745 3302 816 3366 adra
833 3303 955 3367 vincere
972 3323 1124 3366 summum

292 3410 423 3474 Arboris
438 3411 518 3474 haud
535 3411 601 3473 ulie
613 3411 698 3496 jactu
714 3412 841 3494 potuere
857 3412 994 3497 sagitte?

292 3512 338 3579 Et
353 3536 429 3598 gens
444 3515 494 3580 iila
510 3515 634 3600 quidem
650 3518 776 3602 sumptis
792 3540 851 3582 non
866 3521 953 3584 tarda
967 3519 1127 3603 pharetris.
1261 3525 1321 3586 125

294 3620 405 3686 Media
422 3620 480 3684 fert
493 3621 593 3685 tristes
608 3643 717 3686 suecos
732 3625 913 3708 tardumque
929 3645 1068 3710 saporem

295 3725 412 3790 Felicis
427 3725 508 3804 mali,
525 3747 585 3811 quo
600 3749 659 3792 nou
675 3731 851 3813 presentius
867 3729 970 3808 ullum,

295 3827 415 3893 Pocula
428 3831 452 3894 si
469 3833 590 3915 queqdo
606 3849 689 3896 seve
706 3833 840 3898 iniecere
856 3855 1005 3912 novercae,

293 3931 566 4020 [Miscueruutque
583 3938 693 4002 herbas
709 3955 740 4004 et
755 3961 815 4004 uon
830 3940 953 4006 innoxia
969 3939 1090 4026 rerba]

288 4039 453 4104 Auxilium
469 4042 562 4119 venit,
578 4063 614 4107 ac
630 4044 775 4108 membris
790 4045 851 4127 agit
867 4056 931 4108 atra
945 4063 1074 4109 veneno.

285 4144 365 4232 Ipsa
380 4147 488 4229 ingens
504 4147 602 4225 arbos,
619 4147 791 4232 faciemque
807 4145 957 4210 simillima
973 4147 1057 4214 lauro
1065 4171 1077 4232 3
1111 4201 1115 4210 .

289 4249 348 4334 Et,
364 4251 390 4316 si
406 4273 467 4316 uou
484 4253 652 4320 aliumue
664 4255 797 4342 jactaret
812 4253 950 4328 odorem,
