2914 5130
182 429 249 488 soa.
407 503 408 506 Ν
626 427 816 492 nunnus

223 581 268 650 Ut
282 585 440 672 quondam
455 585 553 654 Creta
567 585 666 652 fertur
680 585 879 675 labyrinthus
894 592 926 654 in
941 587 1006 653 atu

223 687 401 756 Parietibus
417 703 534 756 textum
548 693 643 756 caecis
658 693 728 772 iter,
743 682 973 776 ancipitemque
1295 771 1298 776 .

222 794 312 861 Mille
328 800 387 862 viis
403 797 551 862 babuisse
566 795 683 877 dolum,
698 795 761 882 quh
775 799 864 882 signa
878 793 1030 882 sequendi
1196 803 1258 861 ⁵9⁰

222 896 361 965 Falleret
376 899 582 986 indeprensus
597 913 628 964 et
642 898 853 964 irremeabilis
868 921 978 965 error:

221 1001 321 1067 Haud
337 1001 400 1068 alio
415 1003 574 1068 Teucrum
589 1006 654 1068 nati
669 1006 801 1089 vestigia
815 1023 910 1068 cursu

220 1103 405 1189 impediunq
420 1116 590 1189 texuntque
605 1105 693 1190 sugas
708 1116 739 1168 et
752 1101 865 1189 proelia
881 1102 974 1185 lud03

95 1271 106 1290 Ι,
220 1203 414 1292 Delphinum
428 1205 556 1286 similes,
572 1208 626 1291 qni
640 1227 698 1292 per
713 1208 813 1270 maria
829 1206 957 1272 humida
972 1205 1077 1272 nando

221 1305 429 1394 Carpathium
440 1307 662 1394 Libycumque
673 1321 791 1388 secant,
801 1306 972 1394 luduntque
983 1331 1041 1395 per
1051 1307 1161 1374 undas.
1194 1314 1255 1374 595

219 1411 317 1477 Hunc
332 1433 460 1492 morem,
476 1411 533 1476 hos
548 1431 667 1490 cursus,
682 1423 776 1495 atque
792 1410 860 1476 haec
875 1413 1057 1492 certamina,
1071 1415 1189 1498 primus

219 1516 383 1596 Ascanius,
397 1513 521 1602 longam
536 1517 632 1578 muris
648 1533 743 1598 quum
757 1518 898 1602 cingeret
917 1514 1043 1597 Albam,

219 1616 349 1698 Retulit,
363 1630 394 1682 et
408 1617 528 1703 priscos
543 1616 650 1681 docuit
664 1615 830 1682 celebrare
845 1617 986 1699 Latinos,

217 1719 288 1804 Quo
303 1741 382 1806 puer
397 1723 465 1806 ipse
479 1717 583 1801 modo,
598 1740 704 1784 secum
719 1741 782 1806 quo
797 1720 896 1785 Troia
909 1722 1027 1806 pubes:

218 1825 336 1891 Albani
351 1823 489 1890 docuire
504 1845 595 1889 suos:
619 1823 691 1890 hinc
706 1829 843 1890 maxima
858 1825 953 1912 porrb
1191 1835 1253 1892 000

217 1925 351 2015 Accepit
366 1927 479 2009 Roma,
494 1940 525 1992 et
539 1930 675 2015 patrium
690 1931 828 1994 servavit
843 1928 1013 2010 honorem3

216 2033 378 2120 Trojaque
391 2053 484 2112 nunc,
498 2033 599 2118 pueri,
613 2030 784 2118 Trojanum
799 2030 916 2096 dicitur
930 2053 1053 2120 agmen.

215 2134 291 2227 ¹Huic
306 2135 470 2200 celebrata
484 2147 572 2200 tenus
587 2147 696 2200 sancto
710 2138 883 2200 certamina
896 2139 990 2221 paui.

200 2260 208 2269 ·
259 2237 327 2304 Hic
342 2233 477 2323 primhm
492 2237 616 2300 fortuna
631 2235 725 2300 fidem
739 2248 857 2300 mutata
870 2239 1007 2302 novavit.

214 2341 300 2408 Dum
315 2343 412 2405 uariis
427 2337 544 2403 tumulo
558 2337 697 2402 referunt
711 2338 860 2404 solemnia
875 2337 966 2421 ludis,
1189 2347 1250 2405 606

215 2443 290 2509 lrim
304 2441 345 2507 de
360 2441 441 2506 coelo
456 2443 539 2506 misit
554 2441 700 2506 Saturnia
713 2439 796 2507 Juno

214 2545 345 2610 iliacam
360 2540 401 2607 ad
416 2540 559 2621 classem,
573 2555 743 2627 ventosque
758 2541 898 2629 adspirat
913 2547 1007 2624 eunti,

214 2646 316 2713 Multa
331 2665 469 2726 movens,
483 2642 617 2708 necdum
629 2647 790 2730 antiquum
804 2657 944 2712 saturata
959 2645 1111 2714 dolorem.

215 2749 283 2832 llla,
297 2752 382 2814 viam
396 2745 540 2811 celerans
554 2767 612 2832 per
626 2745 711 2811 mille
726 2746 884 2813 coloribus
899 2769 1017 2831 mcum,

213 2852 300 2920 Nulli
315 2853 392 2932 visa,
406 2849 468 2914 cito
483 2847 623 2914 decurrit
637 2851 762 2914 tramite
776 2853 876 2938 virgo.
1186 2859 1251 2918 610

214 2956 380 3042 Conspicit
394 2957 550 3040 ingentem
564 2973 757 3034 concursum,
773 2968 804 3020 et
819 2953 923 3020 littora
937 2953 1057 3038 lustrat,

212 3061 428 3144 Desertosque
443 3057 529 3123 videt
543 3071 650 3142 portua
665 3055 860 3143 classemque
875 3058 1028 3126 relictam.

255 3166 299 3228 At
311 3159 422 3248 procul
436 3163 468 3224 in
482 3157 550 3223 sola
564 3171 693 3225 secretae
708 3156 853 3224 Troades
867 3160 938 3225 acti

212 3270 369 3334 Amissum
385 3263 545 3330 Anchisen
560 3261 685 3343 flebant,
700 3276 883 3349 cunctaeque
898 3262 1087 3349 profirndum

214 3372 344 3436 Pontum
359 3365 588 3451 adspectabant
602 3363 728 3430 flentes:
772 3365 867 3429 Heu!
889 3378 934 3428 tot
947 3365 1030 3431 vada
1045 3361 1134 3434 sessis
1185 3373 1248 3433 615

212 3475 254 3540 Et
268 3456 565 3556 tanthm'superesse
580 3469 696 3533 maris!
717 3487 780 3532 vox
795 3468 939 3533 omnibus
953 3490 1026 3534 una·
1043 3511 1052 3526 .
1090 3513 1099 3526 s

212 3577 335 3644 Urbem
349 3587 458 3654 orant;
480 3571 573 3638 taedet
586 3570 692 3658 pelagi
706 3570 847 3656 perferre
863 3570 1016 3638 laborem.

212 3681 297 3766 Ergo
311 3682 393 3743 inter
407 3677 526 3742 medias
541 3695 620 3754 sese,
634 3671 719 3738 haud
734 3675 844 3758 ignara
859 3673 1004 3757 nocendi,

212 3769 360 3868 Conjicit,
374 3793 405 3844 et
419 3779 594 3862 faciemque
609 3775 678 3840 dem
694 3786 874 3860 vestemque
888 3779 1023 3862 reponit.

213 3887 264 3952 Fit
279 3885 391 3963 Beroii,
405 3883 527 3947 Tmarii
541 3883 656 3968 conjux
670 3878 812 3966 longeva
827 3879 973 3968 Dorycli,
1184 3887 1247 3948 620

211 3988 274 4052 Cui
289 4007 395 4074 genus,
409 3996 440 4048 et
455 3984 611 4070 quondam
626 4005 750 4063 nomen,
764 3986 891 4068 natique
906 3984 1056 4066 fuissent3

208 4093 261 4164 Ac
274 4092 322 4155 sic
337 4085 558 4153 Dardanidum
571 4086 707 4153 mediam
722 4109 757 4154 se
771 4085 923 4156 matribus
937 4087 1048 4152 infert:
