2956 5132
672 504 785 564 LIBER
805 507 826 564 l.

261 659 290 726 Ο
303 663 380 724 socii
394 659 510 743 (neque
525 661 608 722 enim
623 661 724 743 ignari
739 679 841 722 sumus
857 645 929 722 antd
943 654 1117 741 malorum),

260 765 386 849 Opassi
401 765 558 848 graviora,
572 760 662 824 dabit
677 761 753 824 deus
769 760 818 824 his
832 781 957 846 quoque
971 760 1074 824 linem.

262 868 328 933 Vos
342 881 373 930 et
389 864 555 952 Scyllaeam
569 866 691 929 rabiem
705 863 888 949 penitusque
903 878 1047 928 sonantes
1225 869 1286 928 000

262 967 402 1032 Αεεόείίε
417 966 572 1053 scopulos,
585 989 641 1030 vos
656 981 686 1030 et
701 966 857 1052 Cyclopia
873 987 951 1030 saxa
1230 959 1233 974 '

263 1069 409 1154 Expertiz
432 1082 580 1132 revocate
596 1071 724 1144 animos,
739 1081 941 1152 moestumque
955 1071 1097 1132 timorem

262 1173 393 1252 Mittite5
415 1174 519 1237 forsan
534 1185 564 1235 et
579 1171 644 1235 hec
659 1169 733 1234 olim
748 1173 923 1235 meminisse
934 1171 1066 1255 juvabit.
1214 1171 1216 1178 ⁴

264 1273 322 1337 Per
336 1277 442 1338 varios
457 1281 557 1350 casus,
571 1293 629 1356 per
643 1285 687 1335 tot
701 1269 885 1334 discrimina
899 1291 1013 1350 rerum,
1176 1255 1179 1264 ¹

261 1373 434 1438 Tendimus
450 1377 480 1438 in
496 1374 630 1450 Latium,
645 1371 736 1436 sedes
751 1373 805 1435 ubi
820 1372 885 1436 sata
900 1375 1021 1456 quietas
1224 1379 1287 1438 005

262 1475 454 1541 Ostendunt:
477 1476 542 1540 illic
558 1478 605 1540 sas
620 1497 716 1562 regna
730 1497 892 1560 resurgere
907 1475 1020 1561 Trojoe.

262 1577 392 1658 Druate,
406 1593 436 1642 et
450 1593 570 1642 vosmet
584 1579 678 1642 rebus
693 1593 814 1641 servate
830 1577 984 1641 secundis.

304 1679 397 1744 Talia
412 1703 489 1746 voce
503 1682 610 1759 refert,
624 1684 770 1763 curisque
785 1681 960 1765 ingentibus
975 1700 1055 1766 ager

263 1785 357 1868 Spem
372 1783 455 1848 vultu
470 1783 604 1863 simulat,
619 1785 732 1868 premit
746 1781 841 1846 altum
855 1783 951 1847 corde
964 1782 1116 1847 dolorem.

261 1884 313 1949 llli
328 1907 361 1948 se
376 1887 484 1971 prede
498 1889 665 1972 accingunt
675 1884 871 1971 dapibusque
886 1886 1012 1949 bituris:
1157 1935 1164 1951 .
1225 1889 1285 1948 010

261 1986 404 2073 Tergora
417 1987 575 2072 deripiunt
589 1989 695 2065 costis,
709 2000 740 2050 et
754 1989 876 2050 viscera
889 1986 1018 2050 nudant.

261 2087 343 2155 Pars
357 2091 390 2152 in
404 2089 502 2152 frusta
516 2102 634 2168 secant,
649 2088 847 2172 verubusque
862 2089 1024 2152 trementia
1038 2085 1149 2172 figunt:

260 2189 382 2254 Littore
398 2191 501 2256 ebena
516 2191 619 2256 locant
634 2189 698 2270 alii,
714 2191 915 2274 flammasque
930 2190 1115 2252 ministrant.

258 2293 344 2356 Tum
359 2296 444 2356 victu
458 2308 605 2358 revocant
618 2298 720 2372 vires3
742 2295 864 2376 lusique
879 2313 935 2376 per
950 2290 1082 2356 herbam

258 2393 435 2478 lmplentur
449 2399 562 2459 veteris
576 2394 697 2460 Bacchi
713 2397 896 2480 pinguisque
912 2393 1027 2456 lerinae.
1226 2398 1285 2456 015

303 2497 474 2580 Postquam
490 2510 633 2583 exempta
647 2497 745 2560 semes
761 2495 870 2581 epulis,
884 2515 1057 2580 menseque
1072 2507 1204 2577 remote,

260 2601 403 2663 Amissus
419 2596 508 2685 longo
522 2603 624 2687 socios
639 2621 781 2663 sermone
796 2600 968 2682 requirunt,

259 2705 419 2788 Spemque
433 2715 610 2789 metumque
625 2707 706 2767 inter
720 2702 819 2780 dubii,
833 2723 888 2767 seu
902 2706 1010 2766 vivere
1023 2701 1163 2784 credant,

260 2807 338 2871 Sive
352 2821 490 2870 extrema
504 2811 581 2891 pati,
596 2829 653 2870 nec
664 2808 731 2892 jam
746 2803 897 2869 exaudire
911 2818 1049 2870 vocatos.

261 2909 424 2993 Praeciputi
438 2911 509 2993 pius
524 2907 639 2972 AEneas
652 2929 733 2972 nunc
750 2910 832 2970 acris
846 2905 967 2984 Oronti,
1228 2912 1288 2970 000

260 3015 354 3078 Nunc
370 3017 485 3101 Amyci
499 3035 606 3079 casum
621 3019 725 3100 gemit,
740 3029 770 3078 et
784 3012 925 3078 crudelia
940 3035 1045 3078 secum

262 3117 343 3182 Fata
358 3117 451 3204 Lyci,
464 3119 638 3201 sortemque
651 3117 757 3203 Gyan,
772 3118 942 3202 fortemque
957 3116 1155 3182 Cloanthum.

306 3218 347 3282 Et
357 3221 424 3306 jam
439 3220 509 3284 linis
523 3233 600 3298 erat,
616 3241 710 3303 quum
724 3220 847 3305 Jupiter
861 3219 974 3286 ethere
988 3241 1107 3284 summo

261 3321 452 3407 Despiciens
466 3344 554 3387 mare
569 3321 747 3402 velivolum,
762 3337 922 3408 terrasque
933 3324 1084 3410 jacentes,

258 3426 458 3510 Littoraque,
473 3441 504 3490 et
519 3425 597 3490 latos
612 3424 752 3511 populos,
766 3429 811 3490 sic
827 3430 943 3490 vertice
959 3423 1031 3488 coeli
1230 3431 1289 3488 005

261 3527 420 3606 Constitit,
435 3542 466 3592 et
480 3528 593 3613 Libye
607 3527 717 3592 defixit
731 3528 846 3592 lumina
860 3531 974 3614 regnis.

264 3633 368 3713 Atque
383 3627 471 3694 illum
486 3628 564 3694 tales
574 3633 746 3716 jactantem
760 3643 886 3714 pectore
901 3650 993 3694 curas

262 3731 409 3812 Tristior,
424 3745 456 3796 et
470 3731 621 3818 lacrymis
634 3732 741 3797 oculos
755 3731 869 3797 suffusa
884 3736 1024 3814 nitentes,

264 3832 442 3919 Alloquitur
457 3835 584 3900 Venus:
606 3835 703 3920 Oqui
717 3857 768 3898 res
784 3834 1002 3918 hominumque
1017 3834 1172 3920 detimque

262 3936 401 4002 AEtornis
416 3939 501 4022 regis
508 3939 664 4022 imperiis,
678 3953 708 4002 et
725 3937 852 4002 fulmine
868 3949 975 4014 terres,
1230 3949 1291 4004 030

259 4039 349 4123 Quid
366 4061 456 4104 meus
473 4037 585 4102 AEneas
601 4043 632 4104 in
648 4053 676 4103 te
692 4042 884 4104 committere
900 4049 1025 4117 tantum,

257 4141 347 4226 Quid
364 4141 470 4208 Trois
486 4139 624 4225 potuere,
639 4141 752 4226 quibus
767 4151 811 4204 tot
825 4139 932 4204 lutera
947 4143 1047 4224 passis
