<?xml version="1.0" encoding="UTF-8"?>
<!DOCTYPE html PUBLIC "-//W3C//DTD XHTML 1.0 Transitional//EN"
    "http://www.w3.org/TR/xhtml1/DTD/xhtml1-transitional.dtd">
<html xmlns="http://www.w3.org/1999/xhtml" xml:lang="en" lang="en">
 <head>
  <title>
</title>
<meta http-equiv="Content-Type" content="text/html;charset=utf-8" />
  <meta name='ocr-system' content='tesseract 3.04.00' />
  <meta name='ocr-capabilities' content='ocr_page ocr_carea ocr_par ocr_line ocrx_word'/>
</head>
<body>
  <div class='ocr_page' id='page_1' title='image "./bucolicageorgic01goulgoog/bucolicageorgic01goulgoog_0190.png"; bbox 0 0 2914 5130; ppageno 0'>
   <div class='ocr_carea' id='block_1_1' title="bbox 564 977 897 1070">
    <p class='ocr_par' dir='ltr' id='par_1_1' title="bbox 564 977 897 1070">
     <span class='ocr_line' id='line_1_1' title="bbox 564 977 897 1070; baseline 0.006 -2"><span class='ocrx_word' id='word_1_1' title='bbox 564 977 897 1070; x_wconf 79' lang='lat' dir='ltr'><strong>AENEIDOS</strong></span> 
     </span>
    </p>
   </div>
   <div class='ocr_carea' id='block_1_2' title="bbox 545 1248 922 1337">
    <p class='ocr_par' dir='ltr' id='par_1_2' title="bbox 545 1248 922 1337">
     <span class='ocr_line' id='line_1_2' title="bbox 545 1248 922 1337; baseline -0.029 -11"><span class='ocrx_word' id='word_1_2' title='bbox 545 1251 678 1326; x_wconf 77' lang='lat' dir='ltr'>LIBER</span> <span class='ocrx_word' id='word_1_3' title='bbox 699 1248 922 1337; x_wconf 79' lang='lat' dir='ltr'><strong>QUARTUS.</strong></span> 
     </span>
    </p>
   </div>
   <div class='ocr_carea' id='block_1_3' title="bbox 160 1444 1274 2556">
    <p class='ocr_par' dir='ltr' id='par_1_3' title="bbox 240 1444 947 1542">
     <span class='ocr_line' id='line_1_3' title="bbox 240 1444 947 1542; baseline 0.003 -32"><span class='ocrx_word' id='word_1_4' title='bbox 240 1447 290 1510; x_wconf 81' lang='lat' dir='ltr'>Ar</span> <span class='ocrx_word' id='word_1_5' title='bbox 303 1446 419 1533; x_wconf 84' lang='lat' dir='ltr'>regina,</span> <span class='ocrx_word' id='word_1_6' title='bbox 432 1449 519 1534; x_wconf 85' lang='lat' dir='ltr'><strong>gravi</strong></span> <span class='ocrx_word' id='word_1_7' title='bbox 529 1447 596 1542; x_wconf 85' lang='lat' dir='ltr'>jam</span> <span class='ocrx_word' id='word_1_8' title='bbox 610 1444 728 1510; x_wconf 90' lang='lat' dir='ltr'>dudum</span> <span class='ocrx_word' id='word_1_9' title='bbox 741 1445 846 1511; x_wconf 81' lang='lat' dir='ltr'>saucia</span> <span class='ocrx_word' id='word_1_10' title='bbox 861 1445 947 1528; x_wconf 79' lang='lat' dir='ltr'>curti,</span> 
     </span>
    </p>

    <p class='ocr_par' dir='ltr' id='par_1_4' title="bbox 239 1545 929 1638">
     <span class='ocr_line' id='line_1_4' title="bbox 239 1545 929 1638; baseline -0.003 -23"><span class='ocrx_word' id='word_1_11' title='bbox 239 1545 360 1615; x_wconf 83' lang='lat' dir='ltr'><strong>Vulnus</strong></span> <span class='ocrx_word' id='word_1_12' title='bbox 374 1549 429 1614; x_wconf 86' lang='lat' dir='ltr'><strong>alit</strong></span> <span class='ocrx_word' id='word_1_13' title='bbox 441 1553 537 1630; x_wconf 80' lang='lat' dir='ltr'>venis,</span> <span class='ocrx_word' id='word_1_14' title='bbox 552 1563 583 1614; x_wconf 90' lang='lat' dir='ltr'>et</span> <span class='ocrx_word' id='word_1_15' title='bbox 595 1569 682 1614; x_wconf 79' lang='lat' dir='ltr'>cteco</span> <span class='ocrx_word' id='word_1_16' title='bbox 696 1550 835 1636; x_wconf 80' lang='lat' dir='ltr'>carpitur</span> <span class='ocrx_word' id='word_1_17' title='bbox 854 1550 929 1638; x_wconf 87' lang='lat' dir='ltr'><strong>igni.</strong></span> 
     </span>
    </p>

    <p class='ocr_par' dir='ltr' id='par_1_5' title="bbox 239 1649 994 1738">
     <span class='ocr_line' id='line_1_5' title="bbox 239 1649 994 1738; baseline -0.004 -22"><span class='ocrx_word' id='word_1_18' title='bbox 239 1649 338 1716; x_wconf 83' lang='lat' dir='ltr'>Mults</span> <span class='ocrx_word' id='word_1_19' title='bbox 353 1651 411 1716; x_wconf 84' lang='lat' dir='ltr'>viri</span> <span class='ocrx_word' id='word_1_20' title='bbox 426 1653 521 1718; x_wconf 90' lang='lat' dir='ltr'>virtus</span> <span class='ocrx_word' id='word_1_21' title='bbox 536 1653 648 1732; x_wconf 87' lang='lat' dir='ltr'><strong>animo,</strong></span> <span class='ocrx_word' id='word_1_22' title='bbox 662 1652 836 1738; x_wconf 89' lang='lat' dir='ltr'>multusque</span> <span class='ocrx_word' id='word_1_23' title='bbox 851 1662 994 1718; x_wconf 86' lang='lat' dir='ltr'>recursat</span> 
     </span>
    </p>

    <p class='ocr_par' dir='ltr' id='par_1_6' title="bbox 237 1749 990 1842">
     <span class='ocr_line' id='line_1_6' title="bbox 237 1749 990 1842; baseline -0.008 -21"><span class='ocrx_word' id='word_1_24' title='bbox 237 1749 346 1822; x_wconf 82' lang='lat' dir='ltr'>Gentis</span> <span class='ocrx_word' id='word_1_25' title='bbox 361 1751 479 1817; x_wconf 88' lang='lat' dir='ltr'>honos:</span> <span class='ocrx_word' id='word_1_26' title='bbox 502 1752 620 1818; x_wconf 83' lang='lat' dir='ltr'>haerent</span> <span class='ocrx_word' id='word_1_27' title='bbox 635 1754 722 1818; x_wconf 84' lang='lat' dir='ltr'><strong>infixi</strong></span> <span class='ocrx_word' id='word_1_28' title='bbox 736 1767 863 1842; x_wconf 83' lang='lat' dir='ltr'><strong>pectore</strong></span> <span class='ocrx_word' id='word_1_29' title='bbox 878 1751 990 1834; x_wconf 90' lang='lat' dir='ltr'>vultus,</span> 
     </span>
    </p>

    <p class='ocr_par' dir='ltr' id='par_1_7' title="bbox 238 1853 1272 2044">
     <span class='ocr_line' id='line_1_7' title="bbox 238 1853 1272 1942; baseline 0.001 -23"><span class='ocrx_word' id='word_1_30' title='bbox 238 1853 430 1942; x_wconf 79' lang='lat' dir='ltr'>Verbaque3</span> <span class='ocrx_word' id='word_1_31' title='bbox 451 1877 509 1921; x_wconf 90' lang='lat' dir='ltr'>nec</span> <span class='ocrx_word' id='word_1_32' title='bbox 523 1853 682 1942; x_wconf 84' lang='lat' dir='ltr'><strong>placidam</strong></span> <span class='ocrx_word' id='word_1_33' title='bbox 697 1855 844 1922; x_wconf 85' lang='lat' dir='ltr'>membris</span> <span class='ocrx_word' id='word_1_34' title='bbox 859 1853 915 1918; x_wconf 89' lang='lat' dir='ltr'>dat</span> <span class='ocrx_word' id='word_1_35' title='bbox 928 1874 1005 1918; x_wconf 86' lang='lat' dir='ltr'>cura</span> <span class='ocrx_word' id='word_1_36' title='bbox 1020 1853 1163 1940; x_wconf 81' lang='lat' dir='ltr'>quietem.</span> <span class='ocrx_word' id='word_1_37' title='bbox 1250 1865 1272 1920; x_wconf 82' lang='lat'><strong>5</strong></span> 
     </span>
     <span class='ocr_line' id='line_1_8' title="bbox 238 1955 974 2044; baseline 0.005 -24"><span class='ocrx_word' id='word_1_38' title='bbox 238 1955 367 2022; x_wconf 87' lang='lat' dir='ltr'>Postera</span> <span class='ocrx_word' id='word_1_39' title='bbox 383 1957 521 2024; x_wconf 75' lang='lat' dir='ltr'>Phoebea</span> <span class='ocrx_word' id='word_1_40' title='bbox 536 1957 689 2024; x_wconf 85' lang='lat' dir='ltr'>lustrabat</span> <span class='ocrx_word' id='word_1_41' title='bbox 703 1956 849 2044; x_wconf 85' lang='lat' dir='ltr'><strong>lampade</strong></span> <span class='ocrx_word' id='word_1_42' title='bbox 863 1970 974 2036; x_wconf 82' lang='lat' dir='ltr'>terras,</span> 
     </span>
    </p>

    <p class='ocr_par' dir='ltr' id='par_1_8' title="bbox 237 2058 1077 2148">
     <span class='ocr_line' id='line_1_9' title="bbox 237 2058 1077 2148; baseline 0 -24"><span class='ocrx_word' id='word_1_43' title='bbox 237 2058 490 2148; x_wconf 88' lang='lat' dir='ltr'>Humentemque</span> <span class='ocrx_word' id='word_1_44' title='bbox 506 2063 628 2129; x_wconf 84' lang='lat' dir='ltr'>Aurora</span> <span class='ocrx_word' id='word_1_45' title='bbox 640 2059 715 2146; x_wconf 89' lang='lat' dir='ltr'><strong>polo</strong></span> <span class='ocrx_word' id='word_1_46' title='bbox 728 2058 901 2128; x_wconf 83' lang='lat' dir='ltr'>dimoverat</span> <span class='ocrx_word' id='word_1_47' title='bbox 916 2059 1077 2138; x_wconf 81' lang='lat' dir='ltr'>umbram3</span> 
     </span>
    </p>

    <p class='ocr_par' dir='ltr' id='par_1_9' title="bbox 236 2151 1196 2258">
     <span class='ocr_line' id='line_1_10' title="bbox 236 2151 1196 2258; baseline -0.002 -30"><span class='ocrx_word' id='word_1_48' title='bbox 236 2162 339 2245; x_wconf 80' lang='lat' dir='ltr'>Quum</span> <span class='ocrx_word' id='word_1_49' title='bbox 353 2164 398 2228; x_wconf 90' lang='lat' dir='ltr'>sic</span> <span class='ocrx_word' id='word_1_50' title='bbox 413 2151 590 2258; x_wconf 85' lang='lat' dir='ltr'><strong>unanimam</strong></span> <span class='ocrx_word' id='word_1_51' title='bbox 605 2161 774 2250; x_wconf 83' lang='lat' dir='ltr'>alloquitur</span> <span class='ocrx_word' id='word_1_52' title='bbox 788 2161 868 2226; x_wconf 77' lang='lat' dir='ltr'><strong>malti</strong></span> <span class='ocrx_word' id='word_1_53' title='bbox 884 2183 959 2226; x_wconf 88' lang='lat' dir='ltr'>sana</span> <span class='ocrx_word' id='word_1_54' title='bbox 974 2183 1133 2227; x_wconf 88' lang='lat' dir='ltr'>sororem:</span> <span class='ocrx_word' id='word_1_55' title='bbox 1193 2241 1196 2248; x_wconf 91' lang='lat'>.</span> 
     </span>
    </p>

    <p class='ocr_par' dir='ltr' id='par_1_10' title="bbox 160 2263 1143 2356">
     <span class='ocr_line' id='line_1_11' title="bbox 160 2263 1143 2356; baseline -0.004 -26"><span class='ocrx_word' id='word_1_56' title='bbox 160 2299 162 2306; x_wconf 95' lang='lat'>·</span> <span class='ocrx_word' id='word_1_57' title='bbox 277 2266 369 2330; x_wconf 85' lang='lat' dir='ltr'><strong>Anna</strong></span> <span class='ocrx_word' id='word_1_58' title='bbox 383 2286 481 2346; x_wconf 88' lang='lat' dir='ltr'>soror,</span> <span class='ocrx_word' id='word_1_59' title='bbox 495 2287 564 2356; x_wconf 84' lang='lat' dir='ltr'>quae</span> <span class='ocrx_word' id='word_1_60' title='bbox 580 2287 629 2338; x_wconf 87' lang='lat' dir='ltr'>me</span> <span class='ocrx_word' id='word_1_61' title='bbox 645 2284 826 2352; x_wconf 85' lang='lat' dir='ltr'>suspensam</span> <span class='ocrx_word' id='word_1_62' title='bbox 840 2263 992 2332; x_wconf 86' lang='lat' dir='ltr'><strong>insomnia</strong></span> <span class='ocrx_word' id='word_1_63' title='bbox 1007 2264 1143 2330; x_wconf 86' lang='lat' dir='ltr'>terrent!</span> 
     </span>
    </p>

    <p class='ocr_par' dir='ltr' id='par_1_11' title="bbox 234 2365 1274 2556">
     <span class='ocr_line' id='line_1_12' title="bbox 234 2365 1274 2460; baseline 0.003 -30"><span class='ocrx_word' id='word_1_64' title='bbox 234 2365 312 2449; x_wconf 82' lang='lat' dir='ltr'>Quis</span> <span class='ocrx_word' id='word_1_65' title='bbox 325 2389 423 2432; x_wconf 88' lang='lat' dir='ltr'>novus</span> <span class='ocrx_word' id='word_1_66' title='bbox 438 2367 491 2432; x_wconf 90' lang='lat' dir='ltr'>hic</span> <span class='ocrx_word' id='word_1_67' title='bbox 505 2371 618 2434; x_wconf 84' lang='lat' dir='ltr'>nostris</span> <span class='ocrx_word' id='word_1_68' title='bbox 633 2369 784 2432; x_wconf 87' lang='lat' dir='ltr'>successit</span> <span class='ocrx_word' id='word_1_69' title='bbox 797 2366 923 2432; x_wconf 84' lang='lat' dir='ltr'>sedibus</span> <span class='ocrx_word' id='word_1_70' title='bbox 939 2367 1072 2460; x_wconf 78' lang='lat' dir='ltr'>hospes!</span> <span class='ocrx_word' id='word_1_71' title='bbox 1229 2372 1274 2434; x_wconf 87' lang='lat'>10</span> 
     </span>
     <span class='ocr_line' id='line_1_13' title="bbox 236 2467 1154 2556; baseline 0.002 -26"><span class='ocrx_word' id='word_1_72' title='bbox 236 2467 337 2550; x_wconf 82' lang='lat' dir='ltr'><strong>Quem</strong></span> <span class='ocrx_word' id='word_1_73' title='bbox 352 2489 421 2538; x_wconf 86' lang='lat' dir='ltr'>sese</span> <span class='ocrx_word' id='word_1_74' title='bbox 435 2491 490 2540; x_wconf 79' lang='lat' dir='ltr'>ore</span> <span class='ocrx_word' id='word_1_75' title='bbox 504 2468 627 2534; x_wconf 80' lang='lat' dir='ltr'>serens!</span> <span class='ocrx_word' id='word_1_76' title='bbox 649 2470 742 2552; x_wconf 75' lang='lat' dir='ltr'>qudun</span> <span class='ocrx_word' id='word_1_77' title='bbox 757 2470 829 2534; x_wconf 85' lang='lat' dir='ltr'>lorti</span> <span class='ocrx_word' id='word_1_78' title='bbox 842 2481 979 2556; x_wconf 82' lang='lat' dir='ltr'>pectore,</span> <span class='ocrx_word' id='word_1_79' title='bbox 994 2483 1025 2536; x_wconf 89' lang='lat' dir='ltr'>et</span> <span class='ocrx_word' id='word_1_80' title='bbox 1040 2471 1154 2536; x_wconf 85' lang='lat' dir='ltr'>armis!</span> 
     </span>
    </p>
   </div>
   <div class='ocr_carea' id='block_1_4' title="bbox 235 2567 1271 3180">
    <p class='ocr_par' dir='ltr' id='par_1_12' title="bbox 235 2567 1134 2866">
     <span class='ocr_line' id='line_1_14' title="bbox 236 2567 1134 2662; baseline 0.002 -30"><span class='ocrx_word' id='word_1_81' title='bbox 236 2567 343 2632; x_wconf 84' lang='lat' dir='ltr'>Credo</span> <span class='ocrx_word' id='word_1_82' title='bbox 357 2569 513 2656; x_wconf 79' lang='lat' dir='ltr'>equidem,</span> <span class='ocrx_word' id='word_1_83' title='bbox 527 2591 585 2638; x_wconf 87' lang='lat' dir='ltr'>nec</span> <span class='ocrx_word' id='word_1_84' title='bbox 600 2589 683 2638; x_wconf 78' lang='lat' dir='ltr'><strong>vana</strong></span> <span class='ocrx_word' id='word_1_85' title='bbox 697 2569 784 2650; x_wconf 87' lang='lat' dir='ltr'>fides,</span> <span class='ocrx_word' id='word_1_86' title='bbox 799 2593 896 2662; x_wconf 80' lang='lat' dir='ltr'>genus</span> <span class='ocrx_word' id='word_1_87' title='bbox 910 2591 977 2642; x_wconf 82' lang='lat' dir='ltr'>esse</span> <span class='ocrx_word' id='word_1_88' title='bbox 991 2569 1134 2638; x_wconf 84' lang='lat' dir='ltr'>deorum.</span> 
     </span>
     <span class='ocr_line' id='line_1_15' title="bbox 236 2671 1125 2766; baseline 0.002 -26"><span class='ocrx_word' id='word_1_89' title='bbox 236 2671 417 2760; x_wconf 79' lang='lat' dir='ltr'>Degeneres</span> <span class='ocrx_word' id='word_1_90' title='bbox 430 2674 548 2748; x_wconf 66' lang='lat' dir='ltr'>animos</span> <span class='ocrx_word' id='word_1_91' title='bbox 562 2677 655 2746; x_wconf 86' lang='lat' dir='ltr'><strong>timor</strong></span> <span class='ocrx_word' id='word_1_92' title='bbox 669 2674 780 2766; x_wconf 79' lang='lat' dir='ltr'>arguit.</span> <span class='ocrx_word' id='word_1_93' title='bbox 826 2676 920 2740; x_wconf 88' lang='lat' dir='ltr'>Heu!</span> <span class='ocrx_word' id='word_1_94' title='bbox 942 2673 1125 2764; x_wconf 86' lang='lat' dir='ltr'>quibusille</span> 
     </span>
     <span class='ocr_line' id='line_1_16' title="bbox 235 2777 1004 2866; baseline -0.001 -24"><span class='ocrx_word' id='word_1_95' title='bbox 235 2777 377 2848; x_wconf 78' lang='lat' dir='ltr'>lactatus</span> <span class='ocrx_word' id='word_1_96' title='bbox 391 2778 479 2845; x_wconf 81' lang='lat' dir='ltr'>satist</span> <span class='ocrx_word' id='word_1_97' title='bbox 502 2799 571 2866; x_wconf 68' lang='lat' dir='ltr'>qua</span> <span class='ocrx_word' id='word_1_98' title='bbox 587 2777 671 2850; x_wconf 85' lang='lat' dir='ltr'><strong>bella</strong></span> <span class='ocrx_word' id='word_1_99' title='bbox 686 2777 839 2845; x_wconf 86' lang='lat' dir='ltr'>exhausta</span> <span class='ocrx_word' id='word_1_100' title='bbox 853 2779 1004 2844; x_wconf 78' lang='lat' dir='ltr'>canebat!</span> 
     </span>
    </p>

    <p class='ocr_par' dir='ltr' id='par_1_13' title="bbox 236 2880 1271 3076">
     <span class='ocr_line' id='line_1_17' title="bbox 237 2880 1271 2972; baseline -0.002 -26"><span class='ocrx_word' id='word_1_101' title='bbox 237 2882 270 2946; x_wconf 89' lang='lat' dir='ltr'>Si</span> <span class='ocrx_word' id='word_1_102' title='bbox 285 2881 360 2945; x_wconf 90' lang='lat' dir='ltr'><strong>mihi</strong></span> <span class='ocrx_word' id='word_1_103' title='bbox 375 2903 436 2946; x_wconf 88' lang='lat' dir='ltr'>non</span> <span class='ocrx_word' id='word_1_104' title='bbox 451 2883 552 2953; x_wconf 85' lang='lat' dir='ltr'><strong>animo</strong></span> <span class='ocrx_word' id='word_1_105' title='bbox 567 2881 664 2952; x_wconf 81' lang='lat' dir='ltr'>fixum</span> <span class='ocrx_word' id='word_1_106' title='bbox 677 2884 900 2972; x_wconf 86' lang='lat' dir='ltr'>immotumque</span> <span class='ocrx_word' id='word_1_107' title='bbox 915 2880 1040 2956; x_wconf 81' lang='lat' dir='ltr'>sederet</span> <span class='ocrx_word' id='word_1_108' title='bbox 1229 2885 1271 2944; x_wconf 84' lang='lat'>15</span> 
     </span>
     <span class='ocr_line' id='line_1_18' title="bbox 236 2981 916 3076; baseline -0.003 -28"><span class='ocrx_word' id='word_1_109' title='bbox 236 2982 286 3048; x_wconf 86' lang='lat' dir='ltr'>Ne</span> <span class='ocrx_word' id='word_1_110' title='bbox 300 2982 351 3046; x_wconf 88' lang='lat' dir='ltr'>cui</span> <span class='ocrx_word' id='word_1_111' title='bbox 364 3003 413 3048; x_wconf 90' lang='lat' dir='ltr'>me</span> <span class='ocrx_word' id='word_1_112' title='bbox 428 2983 530 3050; x_wconf 88' lang='lat' dir='ltr'><strong>vinclo</strong></span> <span class='ocrx_word' id='word_1_113' title='bbox 544 2981 657 3050; x_wconf 88' lang='lat' dir='ltr'>vellem</span> <span class='ocrx_word' id='word_1_114' title='bbox 672 2985 793 3048; x_wconf 82' lang='lat' dir='ltr'>sociare</span> <span class='ocrx_word' id='word_1_115' title='bbox 803 2983 916 3076; x_wconf 82' lang='lat' dir='ltr'>jugali,</span> 
     </span>
    </p>

    <p class='ocr_par' dir='ltr' id='par_1_14' title="bbox 237 3085 1071 3180">
     <span class='ocr_line' id='line_1_19' title="bbox 237 3085 1071 3180; baseline 0 -28"><span class='ocrx_word' id='word_1_116' title='bbox 237 3086 403 3172; x_wconf 90' lang='lat' dir='ltr'>Postquam</span> <span class='ocrx_word' id='word_1_117' title='bbox 417 3088 534 3173; x_wconf 84' lang='lat' dir='ltr'>primus</span> <span class='ocrx_word' id='word_1_118' title='bbox 548 3109 636 3155; x_wconf 86' lang='lat' dir='ltr'>amor</span> <span class='ocrx_word' id='word_1_119' title='bbox 650 3085 815 3180; x_wconf 73' lang='lat' dir='ltr'><strong>deceptam</strong></span> <span class='ocrx_word' id='word_1_120' title='bbox 829 3100 929 3160; x_wconf 87' lang='lat' dir='ltr'>morte</span> <span class='ocrx_word' id='word_1_121' title='bbox 944 3085 1071 3168; x_wconf 79' lang='lat' dir='ltr'>fefellit3</span> 
     </span>
    </p>
   </div>
   <div class='ocr_carea' id='block_1_5' title="bbox 146 3187 1272 4205">
    <p class='ocr_par' dir='ltr' id='par_1_15' title="bbox 146 3187 1272 4205">
     <span class='ocr_line' id='line_1_20' title="bbox 238 3187 976 3276; baseline -0.001 -22"><span class='ocrx_word' id='word_1_122' title='bbox 238 3189 273 3254; x_wconf 87' lang='lat' dir='ltr'>Si</span> <span class='ocrx_word' id='word_1_123' title='bbox 287 3211 347 3254; x_wconf 88' lang='lat' dir='ltr'>non</span> <span class='ocrx_word' id='word_1_124' title='bbox 362 3202 526 3276; x_wconf 80' lang='lat' dir='ltr'>pertaesum</span> <span class='ocrx_word' id='word_1_125' title='bbox 541 3187 669 3254; x_wconf 84' lang='lat' dir='ltr'><strong>thalami</strong></span> <span class='ocrx_word' id='word_1_126' title='bbox 683 3188 837 3273; x_wconf 74' lang='lat' dir='ltr'>taedasque</span> <span class='ocrx_word' id='word_1_127' title='bbox 851 3189 976 3269; x_wconf 79' lang='lat' dir='ltr'>suisset3</span> 
     </span>
     <span class='ocr_line' id='line_1_21' title="bbox 164 3291 957 3381; baseline -0.011 -18"><span class='ocrx_word' id='word_1_128' title='bbox 164 3329 176 3381; x_wconf 35' lang='lat' dir='ltr'>x,</span> <span class='ocrx_word' id='word_1_129' title='bbox 239 3292 326 3357; x_wconf 91' lang='lat' dir='ltr'><strong>Huic</strong></span> <span class='ocrx_word' id='word_1_130' title='bbox 341 3291 393 3356; x_wconf 91' lang='lat' dir='ltr'>uni</span> <span class='ocrx_word' id='word_1_131' title='bbox 407 3292 511 3357; x_wconf 85' lang='lat' dir='ltr'>forsan</span> <span class='ocrx_word' id='word_1_132' title='bbox 525 3295 610 3378; x_wconf 90' lang='lat' dir='ltr'>potui</span> <span class='ocrx_word' id='word_1_133' title='bbox 625 3291 829 3356; x_wconf 82' lang='lat' dir='ltr'>succumbere</span> <span class='ocrx_word' id='word_1_134' title='bbox 843 3291 957 3375; x_wconf 82' lang='lat' dir='ltr'>culpae.</span> 
     </span>
     <span class='ocr_line' id='line_1_22' title="bbox 237 3393 1271 3481; baseline -0.002 -21"><span class='ocrx_word' id='word_1_135' title='bbox 237 3397 339 3477; x_wconf 78' lang='lat' dir='ltr'>Anna,</span> <span class='ocrx_word' id='word_1_136' title='bbox 354 3395 477 3461; x_wconf 85' lang='lat' dir='ltr'>fatebor</span> <span class='ocrx_word' id='word_1_137' title='bbox 491 3396 581 3475; x_wconf 89' lang='lat' dir='ltr'>enim,</span> <span class='ocrx_word' id='word_1_138' title='bbox 596 3395 700 3460; x_wconf 88' lang='lat' dir='ltr'>miseri</span> <span class='ocrx_word' id='word_1_139' title='bbox 713 3409 784 3481; x_wconf 89' lang='lat' dir='ltr'>post</span> <span class='ocrx_word' id='word_1_140' title='bbox 797 3395 861 3460; x_wconf 84' lang='lat' dir='ltr'><strong>iata</strong></span> <span class='ocrx_word' id='word_1_141' title='bbox 877 3393 1005 3481; x_wconf 77' lang='lat' dir='ltr'>Sychaei</span> <span class='ocrx_word' id='word_1_142' title='bbox 1225 3399 1271 3458; x_wconf 74' lang='lat'>20</span> 
     </span>
     <span class='ocr_line' id='line_1_23' title="bbox 237 3496 990 3587; baseline 0.001 -25"><span class='ocrx_word' id='word_1_143' title='bbox 237 3498 397 3587; x_wconf 79' lang='lat' dir='ltr'>conjugis,</span> <span class='ocrx_word' id='word_1_144' title='bbox 412 3512 442 3565; x_wconf 91' lang='lat' dir='ltr'>et</span> <span class='ocrx_word' id='word_1_145' title='bbox 456 3519 580 3586; x_wconf 80' lang='lat' dir='ltr'>sparsos</span> <span class='ocrx_word' id='word_1_146' title='bbox 595 3497 731 3563; x_wconf 66' lang='lat' dir='ltr'>fraterni</span> <span class='ocrx_word' id='word_1_147' title='bbox 744 3496 832 3563; x_wconf 78' lang='lat' dir='ltr'>caede</span> <span class='ocrx_word' id='word_1_148' title='bbox 849 3498 990 3580; x_wconf 78' lang='lat' dir='ltr'>Penates,</span> 
     </span>
     <span class='ocr_line' id='line_1_24' title="bbox 237 3601 1042 3686; baseline 0 -19"><span class='ocrx_word' id='word_1_149' title='bbox 237 3602 326 3668; x_wconf 85' lang='lat' dir='ltr'>Solus</span> <span class='ocrx_word' id='word_1_150' title='bbox 341 3603 394 3668; x_wconf 90' lang='lat' dir='ltr'>hic</span> <span class='ocrx_word' id='word_1_151' title='bbox 409 3603 526 3668; x_wconf 87' lang='lat' dir='ltr'>inflexit</span> <span class='ocrx_word' id='word_1_152' title='bbox 540 3623 656 3683; x_wconf 87' lang='lat' dir='ltr'>sensus,</span> <span class='ocrx_word' id='word_1_153' title='bbox 671 3601 868 3686; x_wconf 90' lang='lat' dir='ltr'>animumque</span> <span class='ocrx_word' id='word_1_154' title='bbox 883 3601 1042 3668; x_wconf 84' lang='lat' dir='ltr'>labantem</span> 
     </span>
     <span class='ocr_line' id='line_1_25' title="bbox 146 3702 992 3792; baseline 0.001 -26"><span class='ocrx_word' id='word_1_155' title='bbox 146 3707 150 3720; x_wconf 88' lang='lat'>&#39;</span> <span class='ocrx_word' id='word_1_156' title='bbox 237 3702 372 3788; x_wconf 85' lang='lat' dir='ltr'><strong>impulit.</strong></span> <span class='ocrx_word' id='word_1_157' title='bbox 416 3707 559 3792; x_wconf 80' lang='lat' dir='ltr'>Agnosco</span> <span class='ocrx_word' id='word_1_158' title='bbox 573 3709 689 3770; x_wconf 85' lang='lat' dir='ltr'>veteris</span> <span class='ocrx_word' id='word_1_159' title='bbox 702 3705 835 3792; x_wconf 86' lang='lat' dir='ltr'>vestigia</span> <span class='ocrx_word' id='word_1_160' title='bbox 848 3703 992 3768; x_wconf 71' lang='lat' dir='ltr'><strong>flamma.</strong></span> 
     </span>
     <span class='ocr_line' id='line_1_26' title="bbox 239 3803 1022 3894; baseline 0 -26"><span class='ocrx_word' id='word_1_161' title='bbox 239 3803 302 3870; x_wconf 87' lang='lat' dir='ltr'>Sed</span> <span class='ocrx_word' id='word_1_162' title='bbox 317 3806 392 3870; x_wconf 89' lang='lat' dir='ltr'><strong>mihi</strong></span> <span class='ocrx_word' id='word_1_163' title='bbox 408 3807 458 3872; x_wconf 89' lang='lat' dir='ltr'>vel</span> <span class='ocrx_word' id='word_1_164' title='bbox 472 3807 562 3872; x_wconf 90' lang='lat' dir='ltr'>tellus</span> <span class='ocrx_word' id='word_1_165' title='bbox 576 3821 679 3894; x_wconf 89' lang='lat' dir='ltr'><strong>optem</strong></span> <span class='ocrx_word' id='word_1_166' title='bbox 694 3804 779 3892; x_wconf 76' lang='lat' dir='ltr'>priris</span> <span class='ocrx_word' id='word_1_167' title='bbox 794 3807 855 3870; x_wconf 89' lang='lat' dir='ltr'>ima</span> <span class='ocrx_word' id='word_1_168' title='bbox 869 3804 1022 3886; x_wconf 82' lang='lat' dir='ltr'>dehiscat,</span> 
     </span>
     <span class='ocr_line' id='line_1_27' title="bbox 238 3904 1272 3998; baseline 0.005 -29"><span class='ocrx_word' id='word_1_169' title='bbox 238 3904 302 3970; x_wconf 86' lang='lat' dir='ltr'>Vel</span> <span class='ocrx_word' id='word_1_170' title='bbox 316 3922 406 3993; x_wconf 87' lang='lat' dir='ltr'>pater</span> <span class='ocrx_word' id='word_1_171' title='bbox 419 3912 611 3998; x_wconf 88' lang='lat' dir='ltr'><strong>omnipotens</strong></span> <span class='ocrx_word' id='word_1_172' title='bbox 625 3911 731 3998; x_wconf 86' lang='lat' dir='ltr'><strong>adigat</strong></span> <span class='ocrx_word' id='word_1_173' title='bbox 743 3929 793 3973; x_wconf 91' lang='lat' dir='ltr'>me</span> <span class='ocrx_word' id='word_1_174' title='bbox 807 3907 934 3974; x_wconf 78' lang='lat' dir='ltr'>fulmine</span> <span class='ocrx_word' id='word_1_175' title='bbox 949 3906 991 3972; x_wconf 90' lang='lat' dir='ltr'>ad</span> <span class='ocrx_word' id='word_1_176' title='bbox 1006 3909 1142 3994; x_wconf 85' lang='lat' dir='ltr'>umbras,</span> <span class='ocrx_word' id='word_1_177' title='bbox 1226 3915 1272 3974; x_wconf 75' lang='lat'>25</span> 
     </span>
     <span class='ocr_line' id='line_1_28' title="bbox 240 4004 1063 4098; baseline 0.006 -27"><span class='ocrx_word' id='word_1_178' title='bbox 240 4004 394 4074; x_wconf 82' lang='lat' dir='ltr'>Pallentes</span> <span class='ocrx_word' id='word_1_179' title='bbox 409 4011 533 4077; x_wconf 87' lang='lat' dir='ltr'>umbras</span> <span class='ocrx_word' id='word_1_180' title='bbox 549 4013 655 4094; x_wconf 83' lang='lat' dir='ltr'>Erebi,</span> <span class='ocrx_word' id='word_1_181' title='bbox 670 4025 852 4097; x_wconf 85' lang='lat' dir='ltr'>noctemque</span> <span class='ocrx_word' id='word_1_182' title='bbox 866 4010 1063 4098; x_wconf 63' lang='lat' dir='ltr'>protendam,</span> 
     </span>
     <span class='ocr_line' id='line_1_29' title="bbox 279 4111 1081 4205; baseline 0.007 -32"><span class='ocrx_word' id='word_1_183' title='bbox 279 4121 330 4190; x_wconf 62' lang='lat' dir='ltr'>ite,</span> <span class='ocrx_word' id='word_1_184' title='bbox 345 4111 458 4204; x_wconf 86' lang='lat' dir='ltr'>Pudor,</span> <span class='ocrx_word' id='word_1_185' title='bbox 473 4115 565 4199; x_wconf 71' lang='lat' dir='ltr'>quim</span> <span class='ocrx_word' id='word_1_186' title='bbox 579 4127 610 4181; x_wconf 93' lang='lat' dir='ltr'>te</span> <span class='ocrx_word' id='word_1_187' title='bbox 624 4115 716 4199; x_wconf 87' lang='lat' dir='ltr'><strong>violo,</strong></span> <span class='ocrx_word' id='word_1_188' title='bbox 731 4129 784 4183; x_wconf 86' lang='lat' dir='ltr'>aut</span> <span class='ocrx_word' id='word_1_189' title='bbox 798 4129 851 4184; x_wconf 89' lang='lat' dir='ltr'>tua</span> <span class='ocrx_word' id='word_1_190' title='bbox 860 4116 935 4205; x_wconf 85' lang='lat' dir='ltr'>jura</span> <span class='ocrx_word' id='word_1_191' title='bbox 948 4113 1081 4183; x_wconf 85' lang='lat' dir='ltr'>resolvo.</span> 
     </span>
    </p>
   </div>
   <div class='ocr_carea' id='block_1_6' title="bbox 0 0 1462 5130">
    <p class='ocr_par' dir='ltr' id='par_1_16' title="bbox 0 0 1462 5130">
     <span class='ocr_line' id='line_1_30' title="bbox 0 0 1462 5130; baseline 0 0"><span class='ocrx_word' id='word_1_192' title='bbox 0 0 1462 5130; x_wconf 95' lang='lat' dir='ltr'> </span> 
     </span>
    </p>
   </div>
  </div>
 </body>
</html>
