2978 5124
653 500 770 562 LIBER
790 499 840 562 lx.

251 663 347 726 Arma
363 660 467 726 lerunt
481 659 579 726 ltsloe.
623 659 676 726 Nil
691 683 741 725 me
755 659 863 726 satalia
878 673 1005 742 terrent,
1139 697 1144 708 ·

253 763 285 827 Si
300 783 363 848 qua
379 762 523 850 Phryges
536 784 602 849 prm
617 785 651 828 se
662 765 784 850 jactant
797 785 947 850 responsa
960 763 1103 828 deorum.

252 865 306 928 Sat
319 865 391 930 satis
406 865 588 950 Venerique
602 863 709 930 datum
722 864 853 951 tetigere
868 863 952 950 qudd
967 885 1045 930 arva

252 965 376 1032 Fertilis
390 967 537 1032 Ausoniae
551 967 674 1032 ibatis:
696 979 766 1031 sunt
780 979 812 1031 et
825 987 896 1032 mea
910 966 1019 1032 eontrt

252 1067 331 1135 Fata
346 1069 421 1134 mihi
441 1071 524 1134 ferro
538 1069 725 1135 sceleratam
740 1069 927 1134 exscindere
941 1083 1077 1157 gentem,

253 1169 393 1258 Conjuge
407 1169 576 1258 praerepti.
620 1171 689 1235 Nec
704 1170 787 1235 solos
801 1173 899 1257 tangit
913 1171 1043 1236 Atridas

253 1272 313 1338 lste
328 1272 428 1355 dolor,
443 1273 578 1360 solisque
593 1273 666 1338 licet
679 1294 795 1360 capere
810 1293 899 1337 arms
917 1273 1074 1359 Mycenis.

253 1377 315 1442 Sed
329 1380 460 1464 periisse
475 1377 570 1444 semel
585 1380 660 1442 satis
676 1391 733 1442 est.
778 1378 916 1442 Peccare
931 1377 1040 1442 luisset
1226 1385 1288 1444 tto

252 1482 334 1546 Ante
348 1483 434 1562 satis,
447 1479 569 1568 penitis
583 1479 677 1545 modd
691 1501 753 1544 non
766 1501 862 1566 genus
877 1501 968 1544 omne
984 1500 1114 1564 perosos

253 1581 463 1648 Foemineum:
486 1583 599 1668 quibus
614 1582 682 1646 haec
697 1581 793 1646 medii
808 1581 923 1646 fiducia
937 1579 1024 1660 valli,

254 1683 482 1771 Fossarumque
496 1706 599 1766 more,
614 1685 667 1750 leti
681 1683 860 1748 discrimina
874 1705 985 1770 parva,

252 1785 338 1852 Dant
352 1789 480 1854 animos.
523 1791 567 1852 At
581 1811 641 1853 non
657 1787 801 1852 viderunt
815 1791 930 1852 moenia
945 1787 1061 1873 Trojae,

253 1890 390 1978 Neptuni
404 1891 560 1958 fabricata
574 1913 676 1972 manu,
690 1889 854 1956 considere
870 1894 902 1954 in
916 1893 1026 1977 ignes?

255 1994 316 2060 Sed
330 2017 397 2076 vos,
411 2017 431 2059 o
445 1995 528 2074 lecti,
542 1996 627 2060 ferro
641 1995 695 2081 qui
709 1994 853 2059 scindere
865 1993 981 2060 vallum

255 2097 405 2182 Apparet,
419 2109 450 2162 et
464 2119 585 2162 mecum
599 2095 719 2162 invadit
733 2095 922 2182 trepidantia
936 2100 1063 2162 cadrei

254 2197 324 2264 Nou
339 2199 433 2264 armis
446 2200 522 2264 mibi
537 2200 685 2280 Vulcani,
700 2221 761 2264 non
775 2198 862 2264 mille
875 2201 991 2264 carinis

254 2301 309 2365 Est
323 2324 401 2387 opus
417 2305 448 2366 in
463 2303 615 2367 Teucros.
660 2301 788 2368 Addaut
801 2323 835 2367 se
849 2315 996 2388 protenus
1010 2323 1120 2368 omncs

255 2404 378 2470 Etrusci
392 2409 514 2486 socios3
536 2406 685 2472 tenebras
699 2419 731 2470 et
745 2409 859 2470 inertia
873 2406 955 2470 furta

254 2501 413 2588 [Palladii
427 2508 516 2572 caesis
530 2527 655 2572 summe
669 2505 850 2573 custodibus
865 2509 978 2595 arcis]
1044 2531 1047 2536 ¹

255 2609 303 2673 Ne
317 2613 466 2690 timmnt3
487 2631 546 2678 nee
561 2613 635 2696 equi
650 2609 737 2675 caecd
750 2610 922 2676 condemur
937 2614 968 2675 in
985 2610 1075 2676 alvos

254 2709 350 2792 Luce,
363 2710 477 2797 paldm,
490 2725 610 2776 certum
625 2725 672 2776 est
686 2711 748 2798 igni
762 2710 959 2776 circumdare
974 2734 1090 2778 muros.

257 2811 352 2876 Haud
368 2813 429 2876 sibi
443 2834 514 2878 cum
529 2812 649 2878 Danais
663 2813 819 2878 remisso
834 2826 865 2877 et
879 2813 963 2899 pube
979 2814 1111 2903 Pelasgi

255 2912 331 2980 Esse
346 2927 463 3000 putent,
476 2913 633 2980 decimum
647 2935 725 2999 quos
738 2913 855 2980 distulit
870 2912 994 2980 Hector
1007 2919 1040 2982 in
1055 2939 1179 2984 anuum.

257 3015 345 3082 Nunc
361 3016 454 3098 aded,
466 3017 577 3083 melior
591 3017 737 3103 quoniam
751 3039 826 3104 pars
841 3030 912 3082 acta
927 3016 1001 3099 diei,

256 3117 344 3200 Quod
360 3133 511 3206 superest,
525 3118 587 3184 laeti
602 3120 683 3184 bene
696 3119 790 3205 gestis
805 3139 938 3204 corpora
952 3120 1047 3186 rebus

258 3221 435 3304 Procurate,
448 3223 530 3304 riri;
551 3236 583 3286 et
596 3243 730 3308 pugnam
744 3233 869 3308 sperate
883 3226 1000 3308 parati.

297 3325 420 3390 luteres
433 3321 562 3412 vigilum
577 3325 721 3390 excubiis
734 3322 882 3388 obsidere
897 3338 1004 3410 portas

257 3426 342 3492 Cura
356 3425 448 3492 datur
463 3427 621 3512 Messapo,
637 3441 668 3493 et
682 3431 797 3494 moenia
812 3431 938 3514 cingere
953 3428 1097 3494 flammis.

258 3527 310 3593 Bis
323 3543 442 3616 septem
459 3528 574 3596 Rutulo
589 3551 693 3596 muros
708 3531 761 3616 qui
773 3531 868 3598 milite
883 3545 1008 3596 servent

257 3629 398 3714 Delecti3
419 3646 468 3698 ast
480 3633 551 3698 illos
564 3638 688 3698 centeni
704 3655 858 3719 quemque
872 3647 1042 3720 sequuntur

258 3731 408 3819 Purpurei
421 3737 524 3800 cristis
534 3736 667 3821 juvenes
681 3758 819 3822 auroque
834 3737 968 3802 corusci.

255 3831 452 3918 Discurrunt,
465 3837 649 3924 variantque
663 3841 759 3919 vices,
774 3839 894 3923 lusique
909 3859 967 3924 per
981 3837 1112 3907 herbam

256 3933 417 4024 indulgent
430 3941 515 4021 vino,
529 3953 560 4006 et
573 3953 697 4006 vertunt
710 3953 851 4006 crateras
865 3940 994 4006 ahenos.

258 4038 421 4108 Collucent
434 4043 533 4130 ignes,
546 4056 670 4110 noctem
683 4041 826 4110 custodis
840 4039 927 4108 ducit

259 4143 430 4214 lnsomnem
446 4147 530 4214 ludo.
