2978 5124
180 479 239 536 ase
592 550 596 559 ,
626 473 812 538 anemos

224 629 374 698 Funditris
387 631 568 712 occidimus,
582 651 683 716 neque
698 633 795 698 habet
809 634 930 698 fortune
945 653 1118 720 regressum
1130 661 1139 714 ς

224 734 356 800 Oremm
371 755 491 822 pacem,
505 749 535 800 et
549 733 676 806 dextras
692 735 850 800 tendamus
864 739 989 802 inertes.

222 839 408 924 Quanquam
422 861 441 903 o
455 839 481 902 si
494 837 591 902 solite
607 837 776 926 quidquam
790 839 910 904 virtutis
925 836 1070 904 adesset.
1084 882 1114 903 ..
1151 822 1256 906 &trs

225 939 281 1004 llle
295 939 371 1004 milri
387 953 457 1006 ante
472 937 557 1019 alios,
571 940 805 1025 fortunatusque
821 939 972 1019 laborum,

225 1041 437 1128 Egregiusque
452 1041 555 1120 animi,
570 1041 632 1124 qui,
647 1062 685 1104 ne
701 1039 774 1126 quid
790 1039 852 1104 tale
868 1039 1000 1122 videret,

225 1143 392 1208 Procubuit
406 1147 549 1222 moriens,
564 1155 594 1207 et
610 1143 733 1208 humum
748 1142 842 1208 semel
858 1165 912 1208 ore
929 1143 1102 1208 momordit.

225 1245 280 1310 Sin
295 1257 326 1310 et
340 1267 414 1332 opes
430 1246 530 1325 nobis,
545 1259 575 1308 et
589 1243 691 1310 adhuc
707 1248 823 1309 intacta
833 1246 988 1330 juventus,

225 1347 413 1433 Auxilioque
429 1348 522 1412 urbes
537 1346 621 1411 ltalae
637 1345 803 1434 populique
818 1359 998 1432 supersunt3
1129 1415 1153 1426 -
1189 1354 1252 1411 420

224 1449 279 1512 Sin
294 1463 325 1513 et
339 1449 482 1536 Trojanis
497 1471 566 1512 cum
582 1448 676 1513 multo
690 1447 789 1534 gloria
805 1449 889 1512 venit

225 1551 398 1636 Sanguine,
420 1563 489 1614 sunt
504 1549 563 1612 illis
578 1569 632 1612 sua
648 1548 765 1626 sunere,
781 1569 899 1634 parque
914 1569 972 1634 per
986 1571 1092 1614 omnes

222 1653 423 1739 Tempestas:
444 1675 501 1718 cur
515 1651 675 1716 indecores
690 1655 721 1716 in
737 1651 840 1716 limine
855 1655 955 1738 primo

223 1754 415 1821 Defieimu'sl
435 1767 576 1820 curante
591 1755 698 1832 tubam
713 1766 828 1818 tremor
842 1767 975 1839 occupat
989 1759 1096 1818 artusl

223 1857 323 1923 Multa
337 1857 413 1937 dies,
428 1861 593 1942 variusque
608 1856 697 1920 labor
711 1853 866 1919 mutabilis
881 1857 937 1920 evi

224 1958 341 2024 Retulit
355 1963 387 2024 in
402 1961 527 2024 melius:
549 1957 659 2023 multos
675 1958 795 2022 alterna
809 1960 946 2022 revisens

223 2064 320 2143 Lusit,
335 2076 365 2128 et
380 2063 409 2126 in
425 2061 525 2126 solido
540 2083 645 2126 rursus
660 2061 780 2126 fortuna
795 2059 921 2124 locavit.

221 2167 293 2233 Non
308 2168 366 2232 erit
380 2167 494 2232 auxilio
509 2167 597 2230 nobis
613 2163 739 2244 AEtolus,
754 2177 784 2229 et
799 2163 896 2250 Arpi:

222 2272 265 2334 At
279 2271 440 2354 Messapus
455 2271 523 2348 erit,
538 2268 673 2354 felixque
688 2266 879 2345 Tolumnius,
894 2276 925 2329 et
939 2287 1016 2348 quos

220 2371 284 2434 Tot
297 2369 403 2456 populi
417 2369 530 2434 misire
545 2369 660 2449 duces3
682 2373 739 2432 ne'c
755 2368 845 2432 tarda
861 2381 1006 2450 sequetur

221 2473 330 2538 Gloria
343 2472 481 2537 delectos
495 2473 586 2536 Latio
601 2483 631 2534 et
645 2471 852 2535 Laurentibus
869 2473 962 2557 agris.

223 2575 279 2639 Est
294 2588 324 2638 et
338 2575 525 2641 Volscorum
540 2571 663 2659 egregia
677 2571 717 2636 de
731 2585 822 2658 gente
836 2571 980 2651 Camilla,

221 2679 341 2762 Agmen
355 2697 449 2762 agens
464 2677 598 2758 equitum
614 2689 644 2738 et
659 2675 800 2740 florentes
815 2697 878 2741 aere
892 2689 1045 2740 catervas.

222 2777 314 2861 Quod
329 2779 354 2842 si
369 2801 419 2843 me
433 2777 529 2842 solum
545 2777 659 2840 Teucri
674 2777 704 2840 in
718 2779 888 2842 certamina
905 2789 1044 2862 poscunt,

222 2881 320 2966 ldque
334 2880 447 2966 placet,
461 2877 638 2964 tanttimque
653 2877 742 2942 bonis
757 2879 969 2942 communibus
983 2879 1090 2958 obsto;

222 2983 292 3047 Non
308 2981 387 3046 aded
402 2981 458 3046 has
473 3001 567 3045 exosa
582 3001 689 3044 manus
704 2979 833 3044 victoria
848 2981 933 3066 sugit,

222 3081 266 3148 Ut
281 3082 365 3149 tanta
382 3081 550 3168 quidquam
566 3105 621 3168 pro
636 3105 692 3167 spe
706 3095 825 3146 tentare
840 3103 991 3146 recusem.

221 3186 278 3250 lbo
293 3188 402 3250 animis
415 3186 543 3264 contra3
563 3185 614 3249 vel
630 3207 772 3271 magnum
786 3197 912 3270 praestet
926 3183 1090 3264 Achillem,

222 3286 379 3371 Factaque
394 3286 530 3352 Vulcani
546 3287 686 3350 manibus
701 3289 791 3371 paria
807 3285 913 3351 induat
927 3307 1014 3350 arma

220 3388 276 3454 llle
292 3389 375 3455 licet.
419 3387 520 3454 Vobis
535 3391 667 3452 animam
682 3387 762 3452 hanc
777 3408 947 3473 soceroque
962 3389 1083 3470 Latino,

200 3497 202 3502 '
220 3491 344 3555 Turnus
359 3511 425 3576 ego,
441 3487 523 3554 haud
539 3489 591 3552 ulli
606 3503 744 3554 veterum
760 3494 871 3554 virtute
886 3489 1049 3570 secundus,

220 3591 354 3658 Devovi.
399 3592 501 3656 Solum
517 3589 635 3655 AEneas
650 3605 761 3656 vocat:
785 3605 815 3656 et
829 3605 921 3657 vocet
934 3615 1001 3657 oro.

220 3695 287 3759 Nec
302 3695 444 3759 Drances
459 3691 570 3780 potitis,
585 3698 650 3757 sive
666 3707 712 3757 est
726 3693 794 3758 haec
809 3699 858 3759 ira
872 3694 1010 3776 deorum,

220 3797 322 3862 Morte
335 3795 417 3876 luat,
438 3797 503 3860 sive
518 3806 563 3859 est
577 3797 674 3860 virtus
689 3807 719 3859 et
733 3795 841 3880 gloria,
855 3795 954 3862 tollat.

262 3897 310 3961 llli
325 3897 393 3962 haec
407 3900 487 3961 inter
501 3915 534 3959 se
549 3895 653 3961 dubiis
668 3894 815 3960 derebus
831 3899 965 3984 agebant

218 3999 402 4063 Certantes:
424 4011 528 4062 castra
542 3995 658 4064 AEneas
673 4002 835 4084 aciemque
849 4001 1006 4072 movebat.

218 4101 349 4172 Nuntius
363 4101 477 4185 ingenti
492 4105 650 4186 petregio
666 4113 748 4166 tecta
763 4101 890 4168 tumultu
