2914 5130
175 507 250 564 8³4·
620 495 809 556 AENEIDOS
877 523 894 542 ··

224 657 286 722 Per
298 651 432 720 Graidm
446 652 579 742 populos
593 651 769 738 medieque
783 651 842 738 per
856 651 957 718 Elidis
973 649 1083 719 urbem
1189 651 1192 658 ’

224 761 295 826 lhat
309 779 417 839 ovans,
431 757 602 842 divquue
618 757 678 822 sibi
692 757 844 842 poscebat
859 756 1027 822 honorem:
1101 749 1107 760 ’

224 846 381 929 Demens!
405 865 458 948 qui
473 861 597 927 nimbos
612 874 643 925 et
659 883 721 926 non
737 861 888 927 imitabile
903 861 1019 926 fulmen
1177 927 1180 940 ,
1206 866 1266 926 590

225 965 304 1032 AEre
320 981 350 1032 et
364 965 567 1051 cornipedum
582 965 672 1050 pulsu
688 962 847 1030 simularat
862 965 1022 1050 equorum.

226 1072 269 1137 At
283 1083 372 1156 pater
386 1072 582 1155 omnipotens
596 1067 695 1132 densa
710 1071 791 1132 inter
805 1067 914 1133 nubila
928 1067 1024 1132 telum

227 1174 404 1252 contorsit,
426 1195 487 1238 non
502 1172 556 1238 ille
571 1173 665 1253 laces,
680 1193 738 1238 nec
754 1171 856 1238 lumea
871 1169 962 1236 taedis

227 1279 382 1359 Lumina,
404 1279 660 1364 praecipitemque
675 1276 801 1340 immani
817 1275 941 1340 turbine
956 1272 1073 1361 adegit.

229 1379 298 1446 Nec
314 1403 373 1444 non
389 1391 420 1444 et
434 1379 562 1466 Tityon,
577 1379 687 1444 Terroe
702 1381 926 1464 omniparentis
941 1375 1109 1460 alumnum,

229 1483 371 1549 Cernere
386 1497 473 1564 erat,
495 1504 553 1570 per
567 1495 631 1547 tota
646 1503 757 1548 novem
772 1485 823 1546 cui
834 1484 947 1570 jugera
962 1503 1076 1569 corpus

232 1590 423 1676 Porrigitur3
444 1601 606 1672 rostroque
621 1587 764 1651 immanis
779 1585 882 1650 vultur
896 1585 1021 1649 obunco

229 1690 406 1756 Immortale
417 1689 508 1778 jecur
522 1686 663 1768 tondens,
679 1686 886 1772 soecundaque
901 1690 1004 1772 poenis

230 1792 377 1872 Viscera,
390 1794 583 1875 rimaturque
598 1786 707 1874 epulis,
723 1789 906 1873 habitatque
921 1788 980 1851 suh
994 1785 1057 1852 alto

153 1946 161 1961 .
232 1895 384 1973 Pectore3
405 1913 463 1958 nec
478 1891 566 1957 fibris
582 1892 706 1976 requies
721 1889 813 1955 datur
827 1889 892 1954 ulle
907 1892 1035 1954 renatis.
1207 1895 1268 1956 600

230 1997 316 2081 Quid
331 1978 499 2064 memorem
513 1988 675 2081 Lapithas,
690 1996 809 2078 lxiona,
826 1993 1071 2078 Pirithoiimque,

230 2101 317 2183 Quos
332 2122 425 2187 super
440 2112 507 2164 atra
522 2098 603 2164 silex
613 2101 679 2187 jem
690 2099 757 2184 jam
773 2098 899 2184 lapsura
910 2099 1098 2184 cadentique

231 2205 374 2270 Imminet
389 2202 555 2269 assimilis?
598 2203 721 2268 Lucent
734 2203 910 2292 genialibus
925 2201 995 2268 altis

216 2311 338 2374 'Aurea
352 2307 451 2373 fulcra
467 2312 552 2388 torio,
568 2306 731 2393 epulaeque
747 2320 818 2372 ante
833 2329 888 2372 ora
902 2321 1022 2394 parate

232 2411 377 2498 Regilico
392 2411 487 2475 luxu:
511 2409 676 2474 Furiarum
691 2414 829 2476 maxime
840 2411 931 2498 juxta
1208 2413 1267 2472 605

233 2515 387 2594 Accubat,
402 2527 432 2578 et
447 2513 589 2578 manibus
604 2512 751 2597 prohibet
765 2515 945 2600 contingere
960 2533 1101 2592 menses;

233 2618 443 2704 Exsurgitque
457 2618 560 2680 facem
576 2615 729 2694 attollens,
744 2630 838 2702 atque
853 2617 970 2681 intonat
984 2637 1051 2680 ore.
1163 2643 1168 2662 ·

235 2724 302 2790 Hic
317 2723 431 2809 quibus
443 2723 536 2787 invisi
550 2723 672 2802 iratres,
687 2722 760 2787 dum
775 2727 839 2788 vita
854 2725 1010 2804 manebat,

235 2825 416 2893 Pulsatusve
431 2846 555 2910 parone,
570 2836 623 2888 aut
638 2825 722 2888 fraus
738 2824 852 2890 innexa
867 2823 992 2905 clienti,

234 2934 297 2997 Aut
313 2931 365 3016 qui
374 2929 497 2994 'divitiis
512 2927 569 2994 soli
584 2927 756 2994 incubuere
771 2935 915 3016 repertis,
1210 2935 1272 2994 610

234 3032 265 3100 N
268 3055 303 3098 ee
319 3047 438 3119 partem
453 3031 587 3118 posuere
602 3036 674 3113 suis,
690 3055 759 3118 qum
773 3036 910 3098 maxima
925 3035 1019 3099 turba
1034 3045 1080 3099 est
1094 3061 1102 3116 ς

235 3139 360 3223 Quique
375 3137 417 3202 ob
433 3134 617 3201 adulterium
632 3139 716 3216 eaesi,
736 3140 852 3222 quique
868 3159 955 3202 arma
969 3142 1068 3204 secuti

237 3243 347 3327 Impia,
361 3261 420 3305 nec
435 3241 527 3304 veriti
541 3238 736 3304 dominorum
751 3239 861 3305 fallere
876 3239 1024 3304 dextras:

237 3344 351 3409 lnclusi
365 3365 490 3430 poenam
505 3353 700 3433 exspectant.
744 3341 793 3406 Ne
809 3362 914 3428 quere
929 3340 1037 3406 doceri

237 3449 340 3532 Quam
356 3469 489 3533 poenam,
504 3457 557 3509 aut
572 3465 641 3530 quae
657 3446 757 3512 forma
772 3448 856 3510 viros
870 3443 1032 3509 fortunave
1047 3448 1165 3509 mersit.
1212 3447 1274 3507 ets

239 3552 356 3616 Saxum
371 3551 479 3637 ingens
492 3547 619 3614 volvunt
635 3549 698 3628 alii,
713 3546 849 3614 radiisve
864 3561 1001 3612 rotarum

237 3655 383 3728 Districti
396 3653 552 3741 pendenti
575 3652 672 3732 sedet,
687 3651 897 3738 aeternumque
912 3651 1046 3733 sedebit,

237 3759 351 3826 lnselix
366 3758 526 3823 Theseus:
551 3757 771 3844 Phlegyasque
785 3758 976 3820 miserrimus
990 3777 1097 3822 omnes

238 3862 404 3941 Admonet,
419 3876 450 3927 et
465 3862 576 3948 magnb
591 3875 720 3928 testatur
733 3882 811 3925 voce
826 3879 884 3946 per
898 3860 1043 3924 umbrosi

238 3964 390 4029 “Discite
400 3966 551 4050 justitiam
566 3967 682 4048 moniti,
696 3979 727 4030 et
742 3988 801 4030 non
817 3977 955 4028 temnere
971 3961 1094 4029 divos.”
1214 3967 1274 4026 600

237 4066 393 4133 Vendidit
408 4069 459 4133 hic
475 4091 551 4134 auro
565 4073 710 4156 patriam,
724 4069 943 4152 dominumque
957 4079 1115 4154 potentem

239 4170 409 4258 Imposuit,
430 4173 498 4238 fixit
512 4173 597 4264 leges
610 4175 721 4262 pretio,
736 4187 830 4261 atque
843 4171 957 4240 refixit.
