2978 5124
189 520 249 578 326
634 519 825 580 AENElDOS

236 671 370 738 Talibus
385 685 417 738 et
430 672 524 738 dictis
538 677 562 738 lt
576 686 684 738 contra
700 673 784 738 dicta
799 675 946 761 tyranni:

238 779 301 842 Aut
315 776 421 863 spoliis
435 799 493 863 ego
504 778 570 864 jam
585 781 683 864 raptis
697 777 853 842 laudabor
867 777 988 864 opimis,

240 881 303 942 Aut
317 878 378 944 leto
394 880 519 966 insigni:
542 881 618 944 sorti
632 892 721 965 pater
736 901 839 964 equus
854 881 975 964 utrique
990 894 1054 948 est:

239 979 331 1044 Tolle
346 983 455 1046 minas.
500 979 595 1046 Fatus
606 981 742 1046 medium
757 979 900 1066 procedit
914 985 947 1044 in
961 1001 1080 1066 aequor.

241 1083 384 1170 Frigidus
399 1085 574 1150 Arcadibus
589 1089 651 1149 coit
667 1089 698 1150 in
711 1083 887 1171 precordia
902 1089 1037 1172 sanguis.

283 1187 418 1254 Desiluit
432 1190 555 1256 Turnus
571 1190 702 1276 bijugis;
723 1187 821 1275 pedes
836 1203 969 1276 apparat
983 1191 1029 1252 ire

240 1293 431 1356 Comminus.
478 1293 582 1378 thue
600 1293 658 1374 leo,
680 1293 807 1380 speculi
822 1315 916 1380 quum
930 1291 1009 1358 vidit
1024 1293 1066 1358 ab
1082 1291 1145 1357 alta

185 1453 190 1468 ,
240 1393 331 1457 Stare
346 1395 454 1478 procul
469 1399 588 1481 campis
603 1395 802 1460 meditantem
818 1399 848 1459 in
864 1393 975 1482 proeiia
993 1407 1122 1474 taurum,

240 1496 395 1562 Advolat:
418 1497 502 1562 haud
517 1500 580 1564 alia
596 1514 642 1564 est
656 1499 755 1564 Turni
771 1501 922 1563 venientis
937 1501 1050 1584 imago.

242 1601 337 1665 Hunc
351 1603 405 1666 ubi
421 1607 597 1690 contiguum
612 1607 713 1668 missae
729 1604 795 1667 fore
809 1601 946 1666 credidit
960 1601 1067 1682 hastae,
1125 1643 1127 1648 ·

242 1704 291 1768 lre
305 1707 391 1791 prior
407 1705 519 1787 Pallas,
535 1711 561 1770 si
577 1707 638 1793 qui
653 1707 716 1771 sors
732 1706 857 1794 adjuvet
873 1727 980 1770 ausum

242 1807 377 1872 Viribus
391 1810 579 1896 imparibus3
601 1831 807 1897 magnumque
823 1813 866 1873 ita
881 1807 922 1873 ad
938 1807 1059 1899 athera
1073 1808 1173 1871 iaturt

242 1909 302 1973 Per
316 1911 413 1996 patris
428 1910 604 1998 hospitium,
617 1927 648 1977 et
663 1935 785 1978 mensas
799 1933 877 1996 quas
892 1913 1015 1979 advena
1030 1909 1131 1989 adisti,

241 2011 290 2076 'l'e
304 2035 426 2099 precor,
443 2014 562 2096 Alcide,
576 2019 688 2101 coeptis
703 2015 876 2102 ingentibus
892 2015 994 2096 adsis,
1032 2099 1033 2102 Ἴ

241 2117 360 2183 Cernat
375 2123 523 2184 semineci
539 2121 599 2185 sibi
615 2143 663 2185 me
679 2143 790 2206 rapere
806 2141 893 2186 arma
908 2135 1046 2199 cruenta,

242 2220 467 2307 victoremque
487 2225 588 2288 ferant
603 2223 764 2288 morientia
780 2213 895 2288 lumina
909 2224 1019 2287 Turni.

206 2357 216 2372 ·
241 2325 350 2389 Audiit
365 2325 493 2390 Alcides
504 2327 660 2412 juvenem,
675 2347 881 2412 magnumque
895 2327 953 2390 sub
967 2329 1031 2390 imo

240 2425 348 2493 Corde
362 2429 474 2514 premit
487 2430 643 2516 gemitum,
657 2429 878 2518 lacrymasque
893 2427 1001 2494 effudit
1015 2432 1134 2494 inanes.

237 2529 321 2594 Tum
335 2533 455 2618 genitor
468 2547 572 2596 natum
587 2532 678 2597 dictis
693 2531 805 2598 affatur
819 2535 946 2598 amicis:

240 2634 308 2698 Stat
322 2657 377 2698 sua
392 2637 503 2720 cuique
518 2634 595 2716 dies,
610 2637 708 2702 breve
723 2651 754 2701 et
768 2637 976 2724 irreparabile
992 2651 1111 2725 tempus

237 2736 392 2801 Omnibus
406 2753 452 2802 est
467 2742 559 2818 vitae3
581 2738 636 2802 scd
652 2740 767 2804 lamam
783 2739 953 2805 extendere
968 2743 1068 2820 lactis,

242 2839 315 2903 Hoc
331 2841 448 2904 virtutis
463 2863 551 2925 opus.
595 2841 700 2930 Trojae
716 2845 774 2907 sub
789 2844 942 2909 moenibus
957 2844 1025 2910 altis

241 2941 304 3006 Tot
318 2943 382 3007 nati
396 2943 542 3008 cecidere
556 2944 671 3026 detim;
694 2949 768 3032 quin
783 2947 901 3011 occidit
914 2947 974 3012 und

242 3045 414 3131 Sarpedon,
428 3067 498 3112 mea
513 3050 693 3134 progenies:
717 3050 810 3114 etiam
825 3073 881 3114 sua
896 3051 1035 3114 Turnum

244 3147 322 3214 Fata
338 3163 459 3230 vocant,
473 3166 631 3236 metasque
646 3151 712 3216 dati
726 3157 868 3239 pervenit
883 3152 923 3218 ad
938 3154 1007 3217 aevi.

243 3251 295 3316 Sic
312 3254 365 3332 ait,
380 3265 473 3336 atque
488 3253 595 3317 oculos
612 3253 794 3318 Rutulorum
810 3255 912 3341 rejicit
927 3255 1019 3319 arvis.

285 3359 326 3419 At
342 3353 443 3419 Pallas
457 3357 575 3442 magnis
590 3358 700 3421 emittit
713 3357 830 3421 viribus
847 3358 976 3438 hastam,

242 3457 430 3544 Vagintique
445 3458 525 3522 cavei
539 3457 705 3546 fulgentem
720 3459 834 3545 deripit
850 3483 965 3525 ensem.

242 3559 300 3624 llla
314 3559 431 3641 volans,
447 3559 565 3624 humeri
580 3575 706 3648 surgunt
721 3562 782 3647 quai
797 3566 932 3650 tegmina
947 3585 1074 3645 summa,

242 3662 369 3744 incidit3
392 3677 494 3748 atque,
509 3667 593 3728 viam
607 3665 714 3752 clypei
730 3664 837 3731 molita
854 3689 1007 3752 peroras,

242 3763 386 3830 Tandem
401 3769 493 3830 etiam
509 3789 620 3854 magno
635 3769 758 3832 strinxit
772 3767 813 3832 da
827 3791 960 3856 corpore
974 3771 1084 3837 Turni.

240 3867 310 3932 Hic
324 3867 448 3932 Turnus
463 3869 547 3934 serto
562 3870 724 3956 praefixum
739 3871 836 3935 robur
850 3887 942 3938 acuto

243 3969 278 4033 ln
294 3969 435 4036 Pallanta
450 3970 504 4036 diu
520 3971 638 4038 librans
648 3975 737 4062 jacit,
751 3987 844 4060 atque
858 3979 902 4040 ita
917 3979 1019 4042 fatur:

242 4071 378 4157 Adspice
392 4096 465 4138 num
481 4077 569 4161 mage
585 4079 624 4140 sit
638 4093 774 4143 nostrum
789 4081 984 4164 penetrabile
999 4080 1103 4148 telum.

241 4175 395 4240 Dixeratt
418 4191 451 4240 at
464 4177 621 4262 clypeum,
637 4194 680 4244 tot
693 4182 769 4246 ierri
784 4196 881 4269 terga,
895 4195 938 4247 tot
952 4186 1033 4261 aeris,
