2978 5124
695 569 810 630 LIBER
831 571 866 630 11.

282 721 348 804 lile,
361 721 448 787 velut
462 743 556 808 rupes
571 735 690 786 vastum
705 743 773 808 quae
787 723 890 809 prodit
904 725 934 790 in
948 747 1065 812 aequor,

281 826 386 890 Obvia
403 837 565 888 ventorum
581 824 675 904 furiis,
690 839 882 912 expostaque
896 843 1000 913 ponto,

283 926 357 991 Vim
372 940 518 990 cunctam
535 939 628 1010 atque
643 929 742 992 minas
756 930 873 1014 perfert
887 930 1021 1015 coelique
1036 935 1203 1016 marisque,
1254 937 1315 998 695

280 1029 353 1116 lpsa
368 1033 496 1092 immota
512 1049 657 1107 manens3
678 1030 798 1114 prolem
813 1031 1018 1097 Dolichaonis
1033 1035 1178 1098 Hebrum

281 1135 396 1199 Sternit
412 1133 506 1212 humi,
521 1153 590 1194 cum
606 1153 668 1216 quo
684 1131 845 1218 Latagum,
862 1135 1061 1220 Palmumque
1076 1138 1236 1222 fugacem:

281 1229 342 1302 Sed
359 1237 513 1322 Latagum
530 1257 607 1299 saxo
623 1251 716 1322 atque
732 1239 847 1324 ingenti
862 1239 1013 1323 fragmine
1027 1243 1138 1303 montis

279 1342 424 1425 Occupat
438 1361 473 1402 os
488 1340 661 1424 faciemque
677 1339 860 1420 adversam,
882 1341 1000 1425 poplite
1016 1341 1154 1405 Palmum

279 1446 409 1508 Succiso
423 1441 507 1507 volvi
522 1465 647 1530 segnem
663 1443 743 1521 sinit,
759 1465 907 1528 armaque
923 1444 1028 1507 Lauso
1253 1451 1314 1511 700

276 1548 385 1612 Donat
401 1547 520 1612 habere
536 1547 683 1626 humeris,
698 1561 729 1611 et
743 1550 862 1612 vertice
877 1547 970 1632 figere
986 1551 1106 1611 cristas.

276 1653 345 1718 Nec
360 1673 421 1717 non
437 1645 602 1717 Euanthen
619 1652 799 1737 Phrygium,
815 1651 998 1736 Paridisque
1014 1652 1165 1717 Mimanta

276 1739 446 1844 AEqualem
461 1759 678 1840 comitemque,
692 1753 753 1818 und
768 1776 860 1840 quem
874 1767 965 1819 nocte
979 1755 1112 1819 Theano

276 1860 311 1924 ln
326 1859 428 1924 lucem
443 1859 575 1946 genitori
589 1862 713 1944 Amyco
728 1857 825 1936 dedit,
840 1872 871 1922 et
885 1860 955 1923 face
969 1879 1132 1945 praegnans

276 1966 395 2031 Cisseis
409 1967 519 2050 regina
536 1964 646 2029 Parin:
671 1963 760 2028 Paris
774 1965 852 2028 urbe
867 1964 996 2048 paterna
1251 1973 1311 2032 705

274 2071 438 2151 Occubat3
461 2069 599 2155 ignarum
614 2069 755 2132 Laurens
771 2066 867 2131 habet
880 2089 936 2134 ora
952 2069 1113 2132 Mimanta.

276 2177 322 2239 Ac
337 2171 423 2238 velut
437 2173 489 2238 ille
504 2195 616 2238 canum
630 2193 734 2236 morsu
748 2171 788 2235 de
805 2173 960 2236 montibus
975 2171 1046 2235 altis

274 2277 372 2340 Actus
387 2298 466 2362 aper
479 2275 612 2356 (multos
627 2274 764 2340 Vesulus
780 2295 871 2358 quem
886 2275 998 2360 pinifer
1013 2295 1109 2339 annos

274 2376 436 2458 Defendit,
452 2377 602 2442 multosve
617 2376 706 2463 palus
721 2377 927 2461 Laurentia),
941 2375 1019 2441 silvai

275 2479 385 2546 Pastus
400 2479 589 2545 arundinea:
612 2495 776 2566 postquam
790 2482 871 2545 inter
885 2484 963 2544 retia
979 2493 1102 2546 ventum
1118 2495 1173 2564 est,
1248 2487 1309 2550 710

275 2585 426 2664 Substitit,
441 2585 659 2666 infremuitque
675 2584 774 2664 ferox,
789 2597 820 2649 et
834 2583 987 2648 inhorruit
1001 2605 1122 2665 armos;

274 2687 340 2753 Nec
356 2689 503 2772 cuiquam
519 2689 610 2753 irasci
624 2687 791 2774 propitlsve
806 2687 960 2753 accedere
975 2693 1082 2770 virtus,

275 2793 337 2856 Sed
347 2792 462 2880 jaculis
477 2796 611 2875 tutisque
626 2791 734 2878 procul
750 2791 940 2855 clamoribus
954 2793 1087 2856 instant:

274 2893 329 2959 llle
345 2910 449 2960 autem
464 2893 638 2980 impavidus
652 2905 757 2980 partes
772 2905 935 2957 cunctatur
949 2893 979 2957 in
995 2915 1111 2974 omnes,

273 2995 429 3062 Dentibus
443 2995 633 3076 infrendens,
648 3010 679 3060 et
693 3008 780 3082 tergo
794 2994 912 3059 decutit
927 2993 1044 3060 hastas.
1245 3005 1306 3065 71⁵

273 3102 370 3168 Haud
386 3103 487 3183 aliter,
496 3103 588 3189 justae
603 3102 716 3184 quibus
730 3113 776 3164 est
792 3098 964 3165 Mezentius
979 3104 1042 3182 ira,

169 3249 173 3256 -
274 3203 343 3270 Non
358 3204 414 3269 ulli
430 3217 476 3269 est
492 3205 610 3268 animus
624 3204 731 3267 stricto
746 3225 933 3268 concurrere
949 3205 1052 3285 ferro;

272 3307 444 3372 Missilibus
459 3307 549 3393 longe
565 3319 596 3370 et
609 3319 697 3370 vasto
708 3306 845 3371 clamore
860 3307 1026 3372 lacessunt.

314 3411 458 3476 Venerat
473 3410 606 3492 antiquis
621 3408 757 3495 Corythi
772 3409 812 3473 de
828 3410 940 3475 linibus
954 3413 1069 3490 Acron,

272 3513 387 3578 Graius
404 3513 507 3592 homo,
522 3513 653 3578 infectos
669 3513 811 3598 linquens
826 3516 974 3600 profugus
989 3510 1182 3600 hymenaeos.
1245 3523 1307 3582 tao

271 3617 366 3683 Hunc
381 3617 437 3682 ubi
451 3621 631 3682 miscentem
647 3615 737 3702 longe
751 3617 856 3682 media
872 3621 995 3704 agmina
1010 3615 1097 3696 vidit,

271 3719 463 3806 Purpureum
477 3721 588 3804 pennis
603 3732 634 3782 et
647 3731 748 3804 pactae
763 3721 902 3806 conjugis
916 3729 1017 3799 ostro;

271 3819 423 3910 Impastus
438 3821 561 3887 stabula
575 3821 638 3886 alta
654 3821 702 3886 leo
717 3843 775 3886 ceu
791 3823 875 3907 saepd
889 3843 1060 3908 peragrans

269 3927 407 4008 (Suadet
421 3927 501 3991 enim
516 3946 633 3990 vesana
647 3925 763 4008 fames)
778 3925 803 3988 si
818 3926 899 3988 sortd
916 3925 1057 4010 fugacem

271 4027 444 4114 Conspexit
458 4048 616 4114 capream,
631 4040 684 4094 aut
698 4041 871 4113 surgentem
887 4027 917 4090 111
932 4049 1049 4094 cornua
1064 4053 1200 4116 cervum,
1243 4044 1303 4104 tas

269 4133 394 4198 Gaudet
409 4132 499 4198 hians
514 4133 658 4212 immane,
672 4151 840 4216 comasque
855 4135 984 4211 arrexit,
998 4146 1029 4197 et
1044 4133 1142 4202 haeret

270 4235 458 4302 Visceribus
471 4257 565 4321 super
578 4234 779 4313 incumbens;
800 4232 876 4299 lavit
891 4235 1033 4322 improba
1048 4253 1127 4306 teter
