2956 5132
649 527 765 592 LIBER
784 529 834 592 lli.

8 735 9 748 κ
244 693 328 762 Tres
344 687 426 758 oded
440 694 579 756 ineamus
593 688 682 754 oeci
695 687 830 776 caligine
845 687 928 756 soles

245 797 399 862 Erramus
412 791 537 880 pelago,
551 789 681 858 totidem
695 794 763 858 siue
777 791 880 858 sidere
895 807 1015 861 noctes.

240 893 536 983 Quartoterradie
550 891 685 979 primimt
699 915 733 960 se
749 895 891 978 attollere
906 897 1033 964 undem
1223 900 1283 959 205

244 1002 337 1082 Visa,
351 1003 478 1086 aperire
492 995 603 1085 procul
617 1009 748 1077 montes,
762 1018 801 1062 ac
815 997 945 1066 volvere
958 1001 1088 1068 sumum.

245 1103 329 1170 Vela
342 1102 481 1182 cadunt;
502 1103 598 1166 remis
611 1103 817 1186 insurgimus:
840 1099 926 1168 haud
939 1125 1036 1186 mora,
1050 1115 1153 1170 uautae

242 1205 362 1272 Adnisi
377 1217 525 1292 torquent
538 1224 674 1289 spumas,
688 1216 721 1269 et
734 1203 852 1270 cerula
866 1209 1016 1272 verrunt

286 1309 454 1373 Servatum
468 1328 509 1370 ex
523 1303 615 1371 undis
630 1304 843 1391 Strophadum
857 1328 907 1374 me
921 1306 1025 1374 littora
1039 1305 1174 1394 primtim

239 1414 424 1497 Accipiunt.
468 1406 661 1495 Strophades
674 1408 773 1475 Graio
788 1421 870 1474 stant
884 1409 1010 1476 nomine
1024 1409 1117 1476 dictis
1217 1417 1280 1478 sto
1319 1399 1325 1406 ⁶

241 1513 352 1579 lunula
368 1512 458 1578 Ionio
471 1513 504 1578 in
519 1533 643 1598 magno,
658 1531 735 1596 quas
750 1509 822 1576 dira
836 1510 976 1593 Celaeno,

240 1615 466 1702 Harpyiaeque
480 1613 587 1680 colunt
602 1612 684 1694 alie,
699 1612 832 1680 Phineia
845 1628 1010 1702 postquam

239 1715 361 1783 Clausa
375 1705 496 1798 domus,
510 1737 697 1801 mensasque
712 1729 797 1782 metu
810 1715 933 1802 liqudre
947 1723 1081 1805 priores.

239 1821 378 1886 Tristius
392 1820 478 1886 haud
492 1820 557 1886 illis
570 1831 751 1900 monstrum,
764 1841 824 1886 nec
838 1823 952 1886 sarim
966 1821 1029 1888 ulls

238 1924 343 1992 Pestis
357 1939 387 1990 et
400 1928 451 1990 ira
464 1923 559 1990 deum
575 1923 694 2010 Stygiis
708 1943 777 1988 sese
793 1921 904 1988 extulit
918 1923 1020 1992 undis.

241 2027 389 2115 Virginei
404 2027 568 2094 voluomm
582 2025 694 2107 vultum,
709 2026 880 2092 loedissima
894 2031 1011 2094 ventris

237 2115 415 2211 Proluhies,
428 2151 581 2216 uncaque
595 2152 715 2210 manus,
729 2141 760 2195 et
774 2129 895 2214 pallida
909 2151 1032 2216 semper

237 2233 308 2302 Ora
321 2235 417 2300 lame.

283 2337 361 2402 Huc
375 2335 433 2400 ubi
446 2333 541 2402 delati
554 2347 664 2422 portus
677 2337 883 2414 intravimus3
905 2355 981 2402 ecce

233 2442 333 2510 Laets
347 2440 445 2504 mum
458 2444 572 2524 passim
586 2443 707 2524 campis
722 2451 866 2506 armenta
880 2438 1032 2521 videmus,

236 2544 517 2631 Caprigenumque
530 2564 639 2630 meus,
653 2541 738 2610 nullo
752 2541 892 2623 custode,
906 2565 966 2630 per
980 2543 1107 2610 herbas.

238 2650 392 2714 lrntimus
405 2647 500 2727 ferro,
515 2661 547 2712 et
559 2647 650 2714 divos
665 2649 828 2734 ipsumque
843 2669 993 2714 vocamus

238 2752 276 2818 ln
289 2765 413 2838 partem
425 2749 630 2838 predamque
644 2751 768 2818 Jovem.
812 2751 893 2818 tum
908 2751 1013 2818 littore
1026 2773 1124 2820 curvo

236 2855 501 2941 Exstruimusque
516 2867 611 2935 toros,
625 2853 822 2940 dapibusque
837 2854 1000 2941 epulamur
1013 2859 1138 2943 opimis.

236 2962 283 3026 At
295 2959 408 3024 subitas
423 2956 573 3024 horrifico
586 2954 677 3042 lapsu
692 2955 903 3023 dementibus
917 2956 1030 3024 adsunt

238 3061 410 3149 Harpyia,
424 3073 457 3126 et
470 3062 592 3146 magnis
606 3062 749 3144 quatiunt
761 3057 963 3147 clangoribus
976 3059 1053 3143 alas,

236 3163 463 3250 Diripiuntque
476 3161 587 3250 dapes,
600 3175 811 3247 oontaotuque
825 3166 928 3230 omnia
942 3164 1062 3232 loedant

237 3267 424 3334 immundos
442 3257 508 3332 tum
521 3287 585 3332 vox
598 3278 712 3332 tetnsm
726 3264 798 3332 dira
811 3269 893 3332 inter
906 3267 1047 3334 odorem.

239 3369 378 3436 Rursum
392 3373 426 3436 in
439 3391 565 3438 secessu
580 3370 673 3457 longo
687 3369 746 3436 sub
760 3391 839 3456 rupe
854 3369 976 3451 cavata,

234 3473 419 3542 Arboribus
431 3474 532 3540 clausi
546 3471 667 3542 circium
683 3488 777 3560 atque
791 3473 989 3542 horrentibus
1003 3475 1133 3554 umbris,

236 3579 425 3644 lnstmimus
437 3598 570 3659 mensas,
585 3581 712 3662 arisque
726 3580 904 3664 reponimus
918 3579 1039 3664 ignem:

236 3680 377 3748 Rursum
393 3703 434 3746 ex
449 3679 575 3746 diverso
589 3679 664 3747 coeli
678 3683 835 3765 oaecisque
851 3679 989 3744 latebris*

233 3783 351 3850 Turba
365 3805 480 3850 sonans
493 3783 634 3870 praedam
648 3783 784 3870 pedibus
797 3781 1002 3848 circumvolat
1015 3783 1123 3862 uncis3

234 3885 354 3954 Polluit
367 3909 423 3953 ore
437 3885 547 3974 dapes.
591 3887 692 3954 Sociis
706 3901 778 3954 tuno
794 3895 1063 3970 armacapesssut

232 3987 352 4070 Edico,
367 4003 398 4054 et
412 3989 483 4056 diris
496 3988 615 4056 bellum
628 4011 700 4056 cum
713 4002 805 4077 gente
818 3986 1002 4076 gerendum.

232 4091 339 4158 Haud
354 4113 446 4156 secus
460 4113 499 4158 ac
509 4095 589 4179 jussi
604 4093 730 4174 iaciunt,
744 4105 905 4176 tectosque
920 4113 978 4176 per
992 4090 1124 4160 herbam

231 4195 420 4282 Disponunt
434 4217 535 4278 enses,
549 4210 581 4264 et
594 4209 683 4264 scuta
696 4197 826 4264 latentia
840 4191 988 4262 condunt.
