2992 5102
214 511 252 566 42

607 481 893 566 cnoscrconuu

259 657 327 724 Has
342 661 418 724 inter
434 658 639 744 mediamque,
656 660 722 722 due
738 657 913 724 mortalibus
928 658 1014 738 egris

257 761 389 829 Munere
401 784 555 829 concesse
572 761 696 841 divdm3
719 763 766 826 riu
783 779 867 828 secta
882 783 937 845 per
953 760 1068 838 ambas,

259 869 409 954 Obliquus
425 867 486 955 quit
501 891 535 932 se
547 871 700 954 signorum
716 879 848 932 verteret
859 869 945 932 ordo.

258 973 403 1050 Mundus,
421 988 453 1036 ut
468 974 508 1038 ad
525 971 684 1056 Scythiam
700 973 906 1056 Rhipaeasque
922 971 1035 1040 arduus
1050 989 1137 1034 eroes

173 1075 176 1086 ’
260 1077 435 1164 Consurgit,
451 1081 598 1164 premitur
614 1078 720 1163 Libye
736 1081 874 1144 devexus
889 1079 918 1142 in
932 1091 1058 1142 austros.

260 1181 322 1247 Hic
338 1198 445 1248 vertex
460 1185 548 1248 nobis
563 1205 686 1269 semper
700 1185 856 1248 sublimis:
879 1197 910 1246 at
924 1183 1008 1246 illum

261 1290 326 1353 Sub
343 1291 472 1374 pedibus
489 1288 568 1374 Styx
584 1304 648 1356 atre
662 1292 757 1368 uidet,
773 1289 944 1372 Manesque
960 1285 1111 1372 profundi.

258 1393 413 1460 Maximus
428 1395 479 1462 hic
495 1397 578 1460 flexu
594 1397 715 1460 sinuoso
730 1397 858 1460 elabitur
873 1396 990 1479 Anguis

240 1559 242 1564 .
258 1497 395 1580 Circum,
412 1523 528 1587 perque
544 1503 620 1566 dues
635 1502 666 1565 in
681 1523 797 1566 morem
815 1499 946 1564 fluminis
960 1499 1083 1575 Arctos,

259 1607 370 1672 Arctos
385 1609 493 1672 oceani
509 1619 679 1670 metuentes
695 1603 815 1690 aequore
832 1606 927 1689 tingi:

257 1710 334 1789 Illic,
350 1727 384 1776 ut
397 1715 567 1799 perhibent,
583 1727 636 1776 rut
650 1714 830 1797 intempesta
846 1710 914 1776 silet
929 1733 992 1775 nox

259 1815 390 1902 Semper
404 1833 435 1882 ct
450 1815 574 1882 obtentis
588 1817 753 1881 densantur
768 1828 858 1880 necte
875 1818 1007 1880 tenebre
1021 1839 1032 1896 3

258 1922 322 1984 Aut
337 1922 416 1985 redit
431 1945 448 1986 a
464 1922 550 1986 nobis
565 1923 695 1998 Aurora,
712 1921 855 2007 diemque
872 1923 1013 1998 reducit;

259 2024 387 2109 Nosque
404 2026 454 2090 ubi
470 2027 585 2111 primus
601 2025 687 2110 equis
702 2025 814 2088 Oriens
829 2025 941 2090 afflavit
956 2023 1082 2101 anhelis,

258 2129 323 2194 Illic
339 2151 407 2194 sem
423 2131 536 2194 rubeus
552 2131 694 2195 accendit
707 2130 822 2194 lumina
836 2129 967 2214 Vesper.

304 2231 386 2298 Hinc
401 2248 599 2319 tempestates
616 2235 708 2298 dubio
724 2233 906 2318 praediscere
917 2233 998 2298 coelo

259 2335 437 2418 Possumus,
451 2331 520 2403 bilrc
536 2340 705 2425 messisque
721 2339 815 2417 diem,
832 2353 1012 2424 tempusque
1027 2338 1171 2417 serendi;

259 2443 302 2508 Et
318 2447 439 2529 quando
451 2445 577 2510 infidum
593 2445 685 2510 remis
700 2445 857 2530 impellere
874 2465 1006 2510 marmor

218 2551 219 2556 ’
259 2547 452 2630 Conveniam
476 2550 598 2634 quando
613 2563 744 2614 armatus
760 2548 916 2612 deducere
931 2548 1055 2625 classes,

259 2654 322 2718 Aut
338 2656 548 2740 tempestivam
561 2655 642 2720 silvis
657 2669 795 2720 evertere
810 2654 926 2740 pinum.

261 2760 332 2826 Nec
349 2760 457 2825 frustra
469 2762 621 2846 signorum
637 2761 737 2827 obitus
752 2759 945 2846 speculemur
960 2773 992 2824 et
1004 2772 1098 2838 ortus,

151 2941 154 2948 ,
260 2867 526 2952 Temporibusque
543 2889 647 2954 parem
663 2868 790 2934 diversis
805 2882 932 2953 quatuor
947 2888 1070 2932 annum.

305 2973 448 3060 Frigidus
462 2975 625 3058 agricolum
641 2977 665 3040 si
682 2976 804 3060 quando
818 2975 952 3040 continet
963 2973 1072 3051 imber,

261 3079 371 3159 Mults,
388 3080 488 3145 forent
503 3103 569 3168 que
586 3103 660 3146 mox
675 3081 756 3146 coelo
772 3079 964 3165 properanda
979 3100 1099 3155 sereno,

261 3187 417 3252 Maturare
434 3189 544 3252 datur:
567 3189 675 3255 durum
692 3188 834 3274 procudit
849 3201 948 3254 mator

260 3294 403 3360 Vomeris
418 3295 515 3359 obtusi
533 3295 677 3376 dentem3
699 3311 788 3361 cevut
803 3295 910 3360 arbore
926 3295 1050 3372 lintrest

262 3400 325 3464 Aut
340 3401 444 3486 pecori
459 3400 588 3484 signum,
604 3415 655 3464 sut
670 3422 813 3466 numeros
828 3399 979 3484 impressit
993 3400 1132 3464 acervis:

265 3503 431 3570 Exacuunt
446 3505 495 3570 alii
510 3505 604 3570 vallos
619 3503 779 3592 furcasque
794 3505 946 3582 bicornes,

261 3610 365 3693 Atque
381 3609 528 3676 Amerina
543 3623 651 3695 perant
665 3611 750 3674 lentat
767 3608 934 3687 retinacula
950 3607 1022 3674 riti:

193 3737 218 3792 ζ
265 3711 357 3779 Nunc
373 3714 470 3816 lepilis
484 3714 581 3780 rubet
595 3729 714 3781 texatur
729 3697 834 3780 fisclut
850 3713 933 3798 virgi
942 3736 953 3792 3

266 3817 358 3883 Nunc
375 3834 486 3884 torrete
501 3822 562 3906 igni
579 3821 691 3906 fruges,
706 3841 787 3884 nunc
803 3818 930 3902 lrnngite
945 3837 1033 3882 sexo.

310 3923 435 4016 Quippe
452 3926 543 3992 etiam
559 3925 642 3992 lestis
658 3927 796 4010 quedam
811 3943 960 3988 exercere
976 3921 1083 3988 diebus

268 4026 330 4091 Fas
346 4041 377 4090 et
387 4025 457 4114 jura
471 4031 591 4096 sinunt:
612 4032 692 4096 rivos
706 4031 861 4096 deducere
876 4027 958 4092 nullu

266 4131 399 4216 Relligio
415 4134 518 4211 vetuit,
528 4140 623 4220 segeti
639 4134 827 4220 pretendere
843 4153 961 4218 sepem,

265 4235 394 4304 lusidius
409 4237 513 4302 aribus
527 4241 634 4317 moliri,
650 4240 814 4307 incendere
829 4259 949 4326 vepres,
