2992 5102
619 495 905 559 ououutcoulm

274 651 406 730 Interea,
423 664 545 737 superet
560 651 701 736 gregibus
716 653 789 718 dum
804 653 871 718 leto
881 652 1035 739 juventus,

281 753 375 818 Solve
390 775 513 836 mares3
536 756 620 820 mitte
636 755 667 819 in
682 755 838 820 Venerem
853 760 995 842 pecuaria
1010 760 1136 845 primur,
1167 849 1173 862 .

275 860 378 944 Atque
394 862 483 926 nlinm
499 881 539 924 ex
555 860 615 924 ulii
628 863 803 945 generando
818 863 924 928 suffice
938 863 1067 948 prolem.
1255 869 1297 931 65

275 965 401 1050 Optima
417 985 543 1052 queque
560 967 626 1030 dies
641 968 759 1030 miseris
774 968 950 1032 mortalibus
966 971 1022 1033 evi

276 1069 382 1137 Primo
398 1071 472 1156 sugit
485 1091 493 1132 ε
516 1071 646 1136 subeunt
660 1071 768 1149 morbi,
783 1073 934 1158 tristisque
949 1089 1101 1156 senonum,

275 1177 319 1245 Et
333 1178 428 1256 labor,
444 1193 476 1241 et
490 1177 572 1241 dure
588 1177 665 1262 rapit
679 1177 872 1242 inelementia
888 1180 1002 1244 mortis.

275 1283 407 1368 Semper
422 1295 509 1346 erunt
524 1301 650 1367 quorum
665 1283 774 1346 moturi
789 1303 919 1367 eorporn
933 1285 1044 1364 mulin

276 1390 408 1474 Semper
419 1388 499 1451 enim
510 1385 625 1450 refice:
648 1407 696 1460 no,
712 1405 751 1449 ne
766 1385 835 1470 pdsr
850 1387 961 1452 omissa
976 1390 1123 1473 requires,
1255 1395 1298 1455 70

273 1492 436 1570 Auteveni,
452 1505 483 1554 et
498 1490 633 1579 sobolem
648 1505 784 1554 armento
797 1489 903 1554 sortire
920 1493 1089 1575 quotannis.

319 1598 389 1662 Neo
404 1619 464 1662 non
480 1611 511 1660 et
524 1598 628 1681 peoori
643 1609 691 1660 est
704 1596 787 1660 idem
804 1598 941 1662 delectus
956 1600 1079 1682 equino.

273 1704 325 1770 Tu
341 1702 444 1780 modd,
457 1722 533 1786 quos
548 1703 578 1765 in
593 1721 680 1786 spem
696 1715 810 1764 statues
825 1701 1000 1766 submittere
1016 1703 1124 1788 gentis,

274 1808 467 1895 Precipuum
477 1805 543 1893 jntn
558 1809 629 1872 inde
645 1827 664 1871 ι
678 1807 790 1870 teneris
805 1808 950 1891 impende
966 1807 1113 1874 laborem.

272 1913 428 1980 Continui>
443 1914 563 1999 peeoris
578 1912 717 1997 generosi
733 1909 832 1996 pullus
847 1912 877 1974 iu
893 1915 973 1978 orvis

193 2072 196 2078 .
272 2019 372 2086 Altius
387 2020 561 2104 ingreditur,
577 2033 608 2082 et
623 2017 725 2082 mollia
738 2037 827 2080 eruro
842 2019 981 2102 reponit:

274 2125 396 2189 Primus
412 2137 443 2187 et
457 2125 501 2187 ire
515 2123 597 2186 viam
613 2135 643 2186 et
659 2121 766 2185 duvios
779 2132 897 2186 tentore
912 2123 1049 2188 minueen

273 2229 388 2308 Audet,
404 2243 435 2293 et
450 2230 551 2312 ignoto
567 2247 635 2291 sese
651 2226 841 2291 committere
856 2228 962 2309 ponti:

272 2331 343 2399 Nee
358 2355 452 2398 venos
466 2333 569 2396 horret
586 2333 738 2415 strepitus·
762 2329 807 2394 Illi
824 2331 918 2394 nrdun
933 2333 1049 2412 cervix,

272 2439 484 2522 Argutumque
500 2447 602 2519 ceput,
618 2434 718 2496 brevis
734 2433 828 2513 nlvus,
844 2435 999 2520 obesaque
1014 2451 1122 2521 terga;

273 2541 483 2625 Luxuriatque
496 2537 568 2602 toris
583 2535 751 2600 animosum
762 2552 881 2622 peetus.
905 2535 1035 2604 Honesti

276 2649 437 2735 Spudices,
453 2643 637 2729 gleueique3
659 2642 744 2706 color
759 2643 940 2708 deterrimus
955 2643 1040 2723 ulbis,

275 2753 319 2820 Et
334 2755 425 2840 gilvo.
447 2748 542 2826 Tum,
558 2748 583 2812 si
599 2767 659 2832 qua
675 2765 781 2810 sonum
797 2748 904 2833 procul
918 2769 1002 2814 orme
1017 2745 1143 2826 dedite,

273 2859 362 2926 Stnre
378 2859 447 2923 loeo
462 2855 570 2932 neseit,
585 2855 679 2918 miont
693 2852 825 2930 nuribus,
841 2868 873 2916 et
887 2855 988 2917 tremit
1002 2867 1094 2934 ortus,

272 2965 507 3048 Colleotumque
524 2977 665 3046 premens
679 2957 771 3022 voluit
785 2958 840 3022 sub
856 2959 978 3024 nuribus
993 2959 1106 3045 ignem.

273 3071 380 3137 Denso
386 3068 473 3155 juba,
489 3079 521 3130 et
532 3065 641 3130 dextro
651 3065 767 3151 jnoteta
781 3065 932 3129 recumbit
942 3065 973 3128 in
987 3087 1085 3131 ormo.

274 3177 317 3241 At
332 3175 446 3260 duplex
463 3170 560 3256 egitur
574 3189 630 3253 per
644 3169 763 3234 lumbos
778 3170 884 3255 spino:
906 3183 1056 3254 eruntque

274 3280 445 3356 Tellurem,
461 3289 493 3340 et
508 3273 604 3338 solido
619 3275 750 3358 graviter
765 3287 852 3338 sonat
866 3275 979 3356 ungule
993 3295 1101 3342 cornu.

274 3387 361 3452 'l'nlis
377 3380 525 3470 Amyelrei
542 3378 672 3442 domitus
688 3377 823 3444 Pollucis
838 3378 965 3442 bebonis

273 3489 426 3576 Cyllnrus,
442 3499 484 3565 et,
501 3505 628 3570 quorum
644 3484 729 3549 Graii
744 3483 911 3551 rneminrire
926 3485 1036 3571 pnite,

274 3597 382 3662 Mortis
397 3593 467 3678 equi
482 3591 611 3677 bijuges,
627 3604 659 3654 et
673 3591 774 3674 magni
789 3611 896 3656 currus
911 3591 1046 3656 Achilli:

272 3700 359 3764 Telis
375 3698 485 3782 etipse
496 3693 603 3781 jubam
618 3694 739 3759 cervice
755 3695 861 3758 effudit
876 3694 987 3780 equini

273 3803 422 3890 conjugis
437 3803 567 3868 adventu
583 3801 691 3884 pernix
708 3799 866 3876 Saturnus,
882 3813 912 3863 et
927 3797 1020 3862 ultum

274 3911 383 3978 Pelion
400 3908 514 3972 hinnitu
530 3905 649 3992 lugiens
659 3907 795 3990 implevit
810 3918 909 3968 acuto.

275 4014 369 4081 llunc
380 4033 512 4097 quoque,
522 4013 573 4076 ubi
585 4025 636 4076 out
645 4011 751 4074 morbo
763 4010 872 4092 gravis,
884 4021 936 4072 unt
941 4007 1007 4092 jorn
1017 4008 1138 4092 segnior
1147 4009 1242 4087 ntroin,
1253 4009 1296 4071 96

273 4117 400 4194 Deficit,
416 4116 495 4180 obde
511 4117 627 4194 domo;
648 4137 706 4180 nec
722 4113 800 4198 turpi
815 4111 939 4196 ignosce
955 4126 1098 4177 seueotae.

276 4225 420 4312 Frigidus
434 4223 465 4287 in
481 4217 637 4286 Venerem
654 4221 765 4300 senior,
781 4217 950 4304 fruorque
965 4217 1102 4288 laborem
