2914 5130
635 520 749 585 mesu
768 521 817 582 W.

236 677 397 764 Nunquam
412 672 583 742 Dardanis
598 675 770 760 tetigissent
782 683 888 740 nostra
901 673 1038 742 carine!

235 781 329 861 Dixit,
344 793 375 844 et
388 801 425 843 os
438 782 591 864 impressa
605 791 681 857 toro,
696 777 868 862 Moriemur
882 774 1005 844 inultm!

236 882 295 948 Sed
309 885 486 960 moriamur,
501 883 561 944 ait:
584 883 641 958 sic,
654 882 700 944 sic
710 880 800 966 juvat
814 882 862 948 ire
876 881 936 944 sub
950 879 1089 946 umbras.
1196 881 1258 944 66โฐ

237 985 369 1050 Hauriat
385 983 467 1049 hunc
482 981 580 1046 oculis
594 985 697 1070 ignem
711 979 847 1047 crudelis
861 983 903 1046 ab
918 980 981 1046 alto

237 1085 411 1167 Dardanus,
425 1097 456 1150 et
471 1096 583 1150 nostrae
598 1105 703 1148 secum
717 1082 799 1150 ferat
812 1087 914 1150 omina
929 1087 1047 1150 mortis.

275 1190 430 1270 Dixerat3
451 1201 542 1274 atque
557 1187 644 1254 illam
657 1186 763 1256 media
777 1189 858 1252 inter
871 1185 948 1253 talis
964 1190 1051 1256 ferro

237 1292 415 1378 Collapsam
430 1291 605 1378 adspiciunt
618 1293 758 1371 comites,
772 1312 940 1376 ensemque
951 1313 1063 1358 cnrore

234 1397 443 1481 Spumantem,
457 1415 641 1482 sparsasque
656 1417 775 1460 marius.
819 1393 847 1458 lt
860 1393 978 1460 clamor
992 1393 1034 1462 ad
1047 1393 1111 1462 alta
1196 1399 1258 1461 665

233 1501 337 1580 Atria3
359 1520 541 1564 concussam
556 1495 730 1564 bacchatur
743 1497 828 1562 fama
841 1519 899 1582 per
912 1496 1043 1578 urbem

235 1601 394 1668 Lamentis
407 1605 596 1690 gemituque,
611 1613 642 1666 et
655 1601 802 1666 loemineo
816 1599 943 1682 ululatu,

233 1705 333 1770 Tecta
347 1706 500 1784 fremunt3
521 1717 647 1770 resonat
660 1704 779 1788 magnis
791 1701 992 1792 plangoribus
1006 1701 1115 1770 aether.
1178 1760 1180 1773 .

234 1807 302 1874 Non
318 1809 408 1874 aliter
422 1808 515 1904 quim
529 1808 556 1872 si
569 1809 713 1876 immissis
727 1818 798 1872 ruat
811 1805 951 1872 hostibus
964 1809 1064 1872 omnis

234 1912 403 1999 Carthago,
418 1925 472 1978 aut
485 1915 614 1996 antiqua
628 1909 745 1998 Tyros,
759 1909 952 1996 flammaeque
966 1909 1103 1976 furentes
1198 1916 1259 1986 6,.70

234 2015 376 2080 Culmina
390 2037 509 2100 perque
524 2016 683 2084 hominnm
696 2011 861 2078 volvantur
873 2034 992 2098 perque
1007 2011 1146 2078 deorum.

272 2119 383 2184 Audiit
397 2120 558 2198 exanimis,
572 2117 756 2202 trepidoque
771 2117 918 2180 exterrita
932 2137 1036 2196 cursu,

233 2219 396 2308 Unguibus
410 2242 466 2285 ora
481 2241 569 2284 soror
583 2218 714 2299 loedans,
730 2231 760 2282 et
774 2231 903 2304 pectora
917 2222 1039 2304 pugnis,

234 2324 293 2389 Per
307 2323 426 2390 medios
442 2325 513 2400 ruit,
528 2343 566 2386 ac
581 2323 762 2386 morientem
777 2323 900 2386 nomine
915 2319 1048 2386 elamat:

232 2427 306 2492 Hoc
322 2423 410 2505 illud,
423 2445 581 2512 germana,
595 2424 674 2489 initi
694 2445 744 2489 me
758 2422 868 2488 fraude
882 2423 1035 2509 petebas?

232 2531 305 2594 Hoc
320 2551 413 2616 rogus
428 2531 486 2593 iste
500 2527 585 2607 mihi,
601 2527 659 2590 hoc
674 2530 761 2614 ignes
776 2547 901 2612 araeque
915 2528 1092 2612 parabant?

231 2632 313 2716 Quid
328 2629 461 2716 primirm
476 2627 600 2694 deserta
615 2632 750 2713 quereri
771 2631 955 2694 comitemne
970 2651 1108 2700 sororem

232 2733 384 2820 Sprevisti
398 2734 553 2797 moriens!
574 2729 685 2794 eadem
699 2751 749 2794 me
764 2728 805 2794 ad
819 2730 884 2795 lata
898 2729 1062 2812 vocisses3

232 2837 317 2904 ldem
333 2837 442 2902 ambas
456 2836 541 2900 ferro
555 2832 654 2914 dolor,
668 2846 760 2918 atque
775 2831 886 2898 eadem
900 2831 988 2914 bora,
1003 2833 1131 2900 tulisset.

232 2941 294 3004 His
309 2941 405 3004 etiam
419 2935 517 3002 struxi
530 2936 683 3013 manibus,
696 2935 876 3020 patriosque
890 2938 1002 3000 vocavi

231 3043 323 3108 Voce
338 3039 425 3120 deos,
439 3043 484 3104 sic
500 3053 530 3102 te
544 3051 577 3103 ut
591 3037 700 3124 positi,
713 3036 869 3102 crudelis!
891 3038 1056 3103 abessem?

232 3143 374 3208 Extinxti
389 3155 430 3222 te,
443 3161 565 3224 meque,
579 3161 677 3219 soror,
690 3138 909 3226 populumque,
922 3151 1089 3224 patresque

232 3245 387 3323 Sidonios,
400 3241 573 3325 urbemque
587 3253 682 3306 tuam
725 3239 809 3304 Date
823 3239 953 3304 vulnera
966 3238 1125 3327 lymphis3

232 3347 388 3426 Abluam3
410 3359 450 3425 et,
464 3357 621 3410 extremus
635 3345 746 3428 siquis
760 3363 854 3428 super
868 3341 982 3408 balitus
996 3355 1091 3421 erret,

231 3448 295 3514 Ore
310 3448 424 3535 legam.
468 3447 521 3510 Sic
535 3445 611 3526 sata,
624 3442 738 3530 gradus
749 3457 893 3508 evaserat
907 3442 996 3524 altos,

234 3553 515 3634 semianimemque
529 3552 598 3612 sinu
612 3563 790 3634 germanam
804 3546 950 3633 amplexa
964 3546 1091 3611 fovebat

234 3653 314 3718 Cum
327 3655 454 3739 gemitu,
468 3664 561 3735 atque
577 3661 660 3714 atros
674 3649 815 3714 siccabat
829 3660 915 3712 veste
930 3667 1067 3712 cruores.
1193 3631 1199 3642 ยน

234 3755 300 3836 llla,
314 3775 428 3842 graves
442 3753 548 3818 oculos
562 3765 676 3818 conata
689 3751 842 3832 attollere,
856 3771 962 3816 rursus

233 3857 368 3922 Deficit:
391 3855 520 3922 infixum
533 3852 634 3922 stridit
647 3857 705 3920 sub
719 3867 847 3940 pectore
861 3851 982 3918 vulnus.

232 3959 296 4025 Ter
310 3981 379 4024 sese
395 3957 537 4024 attollens
552 3957 719 4042 cubitoque
733 3954 851 4020 adnixa
865 3953 990 4033 levavit,

231 4061 297 4128 Ter
311 4060 454 4128 revoluta
468 4075 536 4126 toro
550 4071 616 4140 est3
636 4057 798 4143 oculisque
812 4056 988 4124 errantibus
1003 4057 1065 4126 alto

232 4165 382 4248 Quaesivit
394 4161 477 4230 coelo
490 4161 601 4244 lucem,
615 4163 826 4249 ingemuitque
838 4171 1005 4246 repertam.
