2978 5124
200 471 258 532 282
648 465 841 530 summos

250 619 394 688 Arcadas
409 619 480 686 huic
493 624 617 707 ‚equites
631 621 680 686 bis
695 633 830 700 centum,
843 615 961 686 robora
973 623 1067 708 pubis

251 727 360 806 Lecta,
374 724 478 804 dab03
500 722 691 810 totidemque
706 747 762 790 suo
777 723 835 790 tibi
849 725 972 792 nomine
987 725 1103 796 Pallas·

294 828 359 892 Vix
376 849 413 892 ea
429 827 510 892 iatus
525 839 604 906 erat,
618 826 777 914 defixique
791 847 848 892 ora
864 829 1013 895 tenebant
1226 836 1286 896 590

250 927 368 996 AEneas
383 928 591 996 Anchisiades
605 942 636 994 et
652 928 730 996 fidus
745 929 893 1011 Achates,

250 1033 411 1118 Multaque
426 1032 505 1096 dura
520 1053 576 1098 suo
591 1033 670 1097 tristi
683 1055 754 1098 cum
768 1032 865 1100 corde
879 1033 1052 1120 putabant3

249 1133 291 1199 Ni
306 1138 424 1220 signum
439 1133 522 1200 coslo
535 1133 698 1222 Cytherea
713 1134 851 1200 dedisset
865 1149 985 1221 aperto.

250 1236 392 1321 Namque
408 1237 576 1322 improviso
590 1238 729 1302 vibratus
743 1238 784 1302 ab
799 1237 917 1304 aetbere
932 1237 1034 1326 fulgor

250 1340 331 1404 Cum
345 1341 445 1404 sonitu
460 1340 552 1420 venit,
566 1354 597 1406 ct
611 1363 702 1406 ruere
717 1342 820 1406 omnia
835 1341 902 1406 visa
916 1344 1056 1428 repenti,
1224 1353 1285 1410 ⁵2⁵

249 1443 497 1528 Tyrrhenusque
512 1444 594 1508 tubae
608 1443 726 1529 mugire
740 1465 797 1531 per
811 1443 930 1509 {ethera
945 1445 1085 1532 clangor.

251 1547 447 1632 Suspiciunt:
470 1549 579 1612 iterum
594 1559 688 1632 atque
703 1547 813 1612 iterum
827 1549 933 1635 fragor
946 1549 1087 1636 increpat
1102 1554 1221 1638 ingens.

249 1650 346 1715 Arma
361 1651 442 1715 inter
456 1651 580 1728 nubem,
594 1649 667 1714 coeli
683 1651 713 1714 in
728 1653 855 1737 regione
869 1650 991 1733 serena,

249 1749 310 1818 Per
324 1751 434 1816 sudum
449 1752 576 1816 rutilare
590 1751 709 1836 vident,
723 1765 754 1816 et
768 1752 858 1837 pulsa
873 1765 992 1818 tonare.

247 1853 447 1940 Obstupuere
462 1855 572 1920 animis
587 1855 656 1935 alii3
678 1856 734 1922 sed
749 1857 863 1920 Troius
879 1856 972 1922 heros
1223 1863 1283 1924 580

247 1959 383 2044 Agnovit
397 1961 540 2038 sonitum,
555 1973 585 2024 et
599 1959 680 2024 divo
695 1959 847 2044 promissa
862 1963 1010 2046 parentis.

247 2059 329 2124 Tum
344 2074 511 2146 memorat:
535 2061 583 2128 Ne
597 2060 683 2142 verti,
699 2062 822 2148 hospes,
836 2084 876 2127 ne
891 2083 997 2148 quatre
1014 2059 1156 2147 proiecto

247 2162 348 2244 Quem
362 2187 469 2230 casum
483 2177 627 2250 portenta
642 2167 760 2230 ierant:
783 2189 841 2250 ego
856 2187 969 2251 poscor
984 2164 1133 2251 Olympo.

248 2265 322 2332 Hoc
336 2270 457 2352 signnm
470 2269 584 2332 cecinit
599 2270 761 2332 missuram
776 2269 851 2333 diva
864 2270 1012 2348 creatrix,

248 2369 280 2432 Si
295 2367 412 2434 bellum
427 2369 592 2455 ingrueret,
608 2367 828 2454 Vulcaniaque
843 2390 932 2434 arma
945 2389 1002 2454 per
1017 2389 1110 2434 auras
1220 2374 1281 2434 585

249 2471 398 2536 Laturam
413 2471 539 2536 auxilio.
966 2551 969 2558 ,

247 2573 341 2638 Heu!
364 2587 486 2660 quanta
502 2575 623 2640 miseris
637 2569 742 2638 cades
757 2572 963 2640 Laurentibus
978 2572 1106 2640 instant!
1232 2605 1242 2614 ·

209 2677 212 2684 '
245 2675 333 2757 Quas
348 2699 455 2764 poenas
469 2676 555 2757 mihi,
570 2677 687 2758 Turne,
702 2677 811 2742 dabis!
835 2675 927 2760 quam
943 2673 1039 2740 multa
1053 2676 1113 2740 sub
1126 2674 1228 2742 undas
1293 2685 1297 2694 ‘

247 2781 343 2845 Scuta
356 2779 456 2846 viram
470 2780 636 2866 galeasque
652 2797 683 2844 et
697 2781 790 2844 fortia
804 2799 939 2865 corpora
954 2777 1070 2858 volves,

245 2883 350 2970 Tybri
365 2883 472 2969 pater!
496 2884 629 2948 Poscant
644 2887 739 2962 acies,
754 2895 785 2948 et
798 2882 921 2947 foedera
935 2894 1090 2966 rumpant.
1217 2889 1279 2948 545

289 2985 370 3049 Haec
384 2984 440 3050 ubi
454 2984 540 3050 dicta
554 2984 651 3065 dedit,
665 2985 744 3050 solio
758 3007 791 3049 se
806 2983 886 3050 tollit
899 2983 942 3048 ab
957 2982 1038 3062 altor

245 3087 285 3152 Et
298 3085 431 3174 primitm
446 3087 616 3154 Herculeis
629 3090 747 3174 sopitas
762 3087 886 3173 ignibus
901 3105 972 3150 aras

244 3191 388 3274 Excitat3
411 3191 649 3276 hesternumque
664 3191 791 3272 Larem,
802 3211 978 3276 parvosque
994 3189 1136 3268 Penates,

243 3292 349 3357 Laetus
364 3292 430 3357 adit
440 3304 609 3356 :mactant
623 3291 720 3357 lectas
735 3292 775 3357 de
790 3314 877 3358 more
892 3289 1044 3372 bidentes,

244 3395 409 3462 Evandrus
423 3399 552 3482 pariter,
566 3396 684 3482 pariter
699 3397 838 3484 Trojano
850 3395 1008 3482 juventus.
1215 3400 1277 3458 545

244 3497 317 3562 Post
332 3497 404 3564 hinc
420 3498 460 3564 ad
475 3519 570 3564 naves
584 3496 736 3584 graditur,
751 3499 914 3582 sociosque
929 3496 1055 3562 revisit:

243 3600 382 3683 Quorum
396 3601 436 3665 de
452 3623 588 3682 numero,
603 3601 657 3686 qui
670 3623 740 3667 sese
755 3600 885 3666 inbelle
900 3611 1075 3684 sequantur,

242 3704 429 3770 Praestantes
444 3707 558 3770 virtute
572 3705 647 3790 legit
659 3731 667 3784 ;
689 3726 764 3790 pars
777 3717 894 3768 catera
909 3701 1008 3788 prona

243 3805 354 3876 Fertur
369 3806 459 3892 aqui,
475 3808 638 3894 segnisque
653 3806 791 3872 secundo
805 3805 913 3870 defluit
927 3803 1020 3885 amni,

241 3911 357 3976 Nuntia
371 3923 502 3974 ventura
517 3910 653 3976 Ascanio
667 3929 833 3993 rerumque
848 3910 1020 3993 patrisque.
1212 3913 1274 3972 550

240 4013 364 4078 Dantur
379 4017 451 4099 equi
467 4014 600 4080 'seueris
614 4013 783 4098 Tyrrhena
797 4011 974 4098 petentibus
988 4032 1082 4078 arva:

240 4115 368 4181 Ducunt
383 4128 539 4180 exsortem
552 4113 673 4196 AEneae,
688 4137 781 4200 quem
795 4113 881 4180 fulva
895 4113 994 4180 leonis
