2936 5122
636 439 755 500 LIBER
775 435 838 500 llll.
1222 444 1279 502 377

246 591 448 673 Imbrasidas,
461 591 614 658 Glaucum
629 605 722 678 atque
737 591 859 672 Laden,
873 611 950 676 quos
965 590 1123 658 Imbrasus
1138 593 1205 678 ipse

244 695 406 764 Nutrierat
420 696 533 783 Lycii,
547 696 738 782 paribusque
752 705 926 778 ornaverat
935 695 1038 774 armis,
1203 771 1208 776 ι

244 800 309 866 Vel
323 801 466 884 conferre
481 819 615 878 manum,
629 799 679 862 vel
694 819 774 882 equo
789 811 977 883 praevertere
992 809 1111 862 ventos.
1215 803 1277 862 345

287 904 382 968 Parte
396 901 469 982 alia,
483 901 587 968 media
602 901 758 966 Eumedes
773 904 804 964 in
820 899 931 985 proelia
945 901 1051 979 fertur,

244 1007 374 1090 Antiqui
389 1002 494 1091 proles
507 1003 592 1068 bello
606 1001 760 1089 praeclara
774 999 924 1081 Dolonis3

243 1105 377 1171 Nomine
393 1127 484 1170 avum
498 1106 648 1186 reserens,
663 1108 765 1168 animo
780 1105 983 1189 manibusque
997 1119 1169 1190 parentem,

242 1210 306 1292 Qui
321 1210 486 1293 quondam,
500 1223 604 1274 castra
618 1223 651 1274 ut
666 1208 813 1274 Danaam
828 1207 1004 1294 speculator
1019 1207 1131 1289 adiret,

241 1313 346 1375 Ausus
361 1310 477 1378 Pelidae
493 1311 624 1396 pretium
639 1311 699 1374 sibi
713 1331 844 1395 poscere
858 1331 987 1374 currus:
1213 1317 1276 1374 350

242 1413 333 1478 Illum
348 1414 492 1500 Tydides
506 1415 570 1480 alio
584 1437 643 1501 pro
657 1414 771 1479 talibus
786 1415 869 1479 ausis

242 1514 356 1580 Affecit
370 1517 470 1602 pretio
485 1542 494 1597 3
515 1539 572 1582 nec
588 1517 676 1601 equis
691 1515 831 1601 adspirat
844 1516 985 1581 Achillis.

241 1620 338 1686 Hunc
354 1621 463 1706 procul
478 1635 511 1686 ut
525 1643 637 1706 campo
651 1621 775 1684 Turnus
790 1626 951 1708 prospexit
966 1635 1084 1709 aperto,

240 1723 324 1786 Antei
340 1723 402 1786 levi
411 1725 524 1810 jaculo.
533 1725 657 1808 longum
671 1726 835 1808 perinane
850 1736 983 1803 secutus,

241 1827 329 1891 Sistit
344 1848 440 1913 equos
455 1828 586 1914 bijuges,
600 1839 631 1890 et
645 1847 738 1890 curru
754 1825 868 1907 desilit,
882 1841 975 1910 atque
1037 1847 1039 1852 ·
1211 1833 1271 1890 355

240 1929 421 1992 Semianimi
435 1928 584 2014 lapsoque
599 1928 785 2013 supervenit,
799 1941 831 1992 et
845 1928 926 2013 pede
941 1927 1022 1993 collo

239 2030 406 2116 impresso,
420 2029 540 2096 dextrae
556 2052 734 2095 mucronem
750 2043 923 2116 extorquet,
937 2044 968 2095 et
983 2029 1046 2094 alto

239 2131 423 2218 Fulgentem
437 2133 523 2219 tingit
533 2133 652 2218 jugulo,
668 2145 761 2218 atque
777 2131 845 2196 haec
859 2135 985 2218 insuper
1001 2131 1108 2198 addit:

189 2269 192 2276 .
237 2233 298 2315 En,
314 2257 415 2321 agros,
430 2249 461 2300 et
475 2257 569 2321 quam
583 2235 677 2315 bello,
692 2236 838 2322 Trojane,
852 2234 967 2321 petisti,

236 2337 428 2423 Hesperiam
444 2338 552 2402 metire
562 2340 691 2424 jacens:
714 2337 780 2402 hac
795 2339 932 2423 praernia,
947 2341 1000 2422 qui
1015 2359 1065 2402 me
1209 2343 1270 2402 360

236 2437 336 2504 Ferro
352 2440 419 2504 ausi
432 2452 563 2520 tentare,
577 2441 700 2521 ferunt3
721 2444 767 2504 sic
782 2441 896 2506 moenia
911 2439 1057 2506 condunt.
1139 2429 1141 2436 ¹

236 2542 323 2606 Huic
338 2542 482 2606 comitem
496 2543 647 2623 Asbuten,
661 2542 802 2628 conjecti
815 2540 955 2628 cuspide,
970 2543 1079 2623 mittit3

235 2643 447 2730 Chloreaque,
462 2647 683 2732 Sybarimque,
697 2646 891 2730 Daretaque,
906 2646 1218 2735 Thersilochumque,

234 2749 276 2814 Et
290 2752 443 2814 sternacis
458 2750 529 2833 equi
545 2749 664 2835 lapsum
679 2749 803 2813 cervice
818 2750 1020 2836 Thymoeten.

234 2853 282 2916 Ac
298 2851 384 2915 velut
398 2849 501 2915 Edoni
516 2851 627 2914 Boreae
643 2872 737 2935 quum
751 2852 877 2937 spiritus
892 2852 955 2918 alto
1204 2861 1265 2919 365

235 2955 360 3020 insonat
375 2953 491 3041 AEgaeo,
506 2957 707 3038 sequiturque
722 2953 763 3017 ad
779 2953 882 3019 littora
897 2956 1024 3037 fluctus3

231 3057 305 3142 Qui
320 3058 404 3122 venti
418 3056 599 3136 incubuere,
614 3057 716 3142 lugam
730 3056 807 3121 dant
821 3058 928 3122 nubila
943 3059 1042 3124 coelo:

231 3160 284 3224 Sic
300 3159 417 3240 Turno,
430 3159 625 3245 quiscumque
639 3161 724 3223 viam
738 3173 833 3240 secet,
848 3162 969 3248 agmina
984 3161 1107 3244 cedunt,

232 3263 466 3348 Conversaeque
481 3275 573 3328 ruunt
587 3263 691 3343 acies3
713 3263 772 3326 lert
787 3266 918 3349 impetus
933 3267 1044 3349 ipsum,

232 3366 273 3432 Et
287 3371 414 3430 cristam
429 3365 563 3430 adverso
577 3386 671 3430 curru
686 3365 785 3450 quatit
799 3387 876 3430 aura
892 3365 1058 3434 volantem.
1202 3373 1263 3430 370

232 3468 304 3533 Non
319 3469 388 3533 tulit
402 3469 565 3534 instantem
582 3466 722 3553 Phegeus
737 3469 909 3554 animisque
924 3469 1125 3548 frementem

232 3570 358 3658 Objecit
371 3593 440 3636 sese
455 3569 496 3636 ad
510 3592 645 3650 currum,
660 3584 691 3634 et
704 3574 879 3656 spumantia
893 3569 997 3634 froenis

230 3673 297 3738 Ora
311 3676 477 3739 citatorum
493 3671 605 3738 dextri
619 3672 749 3737 detorsit
764 3693 924 3757 equorum.

230 3772 315 3839 Dum
330 3775 472 3854 trahitur,
485 3774 662 3862 pendetque
672 3776 764 3862 jugis,
779 3773 862 3838 hunc
877 3772 940 3838 lata
954 3784 1104 3836 retectum

228 3877 359 3942 lancea
372 3880 582 3962 consequitur,
596 3878 769 3963 rumpitque
784 3875 880 3940 infixa
896 3873 1022 3938 bilicem
1199 3883 1260 3942 375

229 3977 387 4059 Loricam,
401 3992 431 4042 et
446 3999 597 4042 summum
610 3978 753 4065 degustat
767 3975 895 4040 vulnere
910 3995 1034 4062 corpus.

230 4079 287 4146 llle
302 4093 405 4146 tamen
420 4081 535 4167 clypeo
550 4081 674 4169 objecto
688 4101 858 4146 conversus
873 4080 904 4144 in
919 4078 1038 4144 hostem

487 4189 526 4246 48
