<?xml version="1.0" encoding="UTF-8"?>
<!DOCTYPE html PUBLIC "-//W3C//DTD XHTML 1.0 Transitional//EN"
    "http://www.w3.org/TR/xhtml1/DTD/xhtml1-transitional.dtd">
<html xmlns="http://www.w3.org/1999/xhtml" xml:lang="en" lang="en">
 <head>
  <title>
</title>
<meta http-equiv="Content-Type" content="text/html;charset=utf-8" />
  <meta name='ocr-system' content='tesseract 3.04.00' />
  <meta name='ocr-capabilities' content='ocr_page ocr_carea ocr_par ocr_line ocrx_word'/>
</head>
<body>
  <div class='ocr_page' id='page_1' title='image "./bucolicageorgic01goulgoog/bucolicageorgic01goulgoog_0064.png"; bbox 0 0 2992 5102; ppageno 0'>
   <div class='ocr_carea' id='block_1_1' title="bbox 155 511 836 574">
    <p class='ocr_par' dir='ltr' id='par_1_1' title="bbox 155 511 836 574">
     <span class='ocr_line' id='line_1_1' title="bbox 155 511 836 574; baseline 0.006 -6"><span class='ocrx_word' id='word_1_1' title='bbox 155 517 193 568; x_wconf 80' lang='lat' dir='ltr'><strong>tt</strong></span> <span class='ocrx_word' id='word_1_2' title='bbox 549 511 836 574; x_wconf 76' lang='lat' dir='ltr'><strong>Guottulcottutu</strong></span> 
     </span>
    </p>
   </div>
   <div class='ocr_carea' id='block_1_2' title="bbox 130 659 1231 3067">
    <p class='ocr_par' dir='ltr' id='par_1_2' title="bbox 196 659 1231 1169">
     <span class='ocr_line' id='line_1_2' title="bbox 196 659 967 750; baseline 0.004 -26"><span class='ocrx_word' id='word_1_3' title='bbox 196 659 281 726; x_wconf 82' lang='lat' dir='ltr'><strong>Tum</strong></span> <span class='ocrx_word' id='word_1_4' title='bbox 298 665 422 747; x_wconf 76' lang='lat' dir='ltr'>gruibus</span> <span class='ocrx_word' id='word_1_5' title='bbox 436 665 573 748; x_wconf 88' lang='lat' dir='ltr'><strong>pedicas,</strong></span> <span class='ocrx_word' id='word_1_6' title='bbox 589 677 620 728; x_wconf 88' lang='lat' dir='ltr'><strong>et</strong></span> <span class='ocrx_word' id='word_1_7' title='bbox 635 667 711 730; x_wconf 86' lang='lat' dir='ltr'><strong>retia</strong></span> <span class='ocrx_word' id='word_1_8' title='bbox 727 685 842 750; x_wconf 86' lang='lat' dir='ltr'><strong>ponere</strong></span> <span class='ocrx_word' id='word_1_9' title='bbox 858 665 967 740; x_wconf 83' lang='lat' dir='ltr'><strong>cervis,</strong></span> 
     </span>
     <span class='ocr_line' id='line_1_3' title="bbox 198 767 948 853; baseline 0 -23"><span class='ocrx_word' id='word_1_10' title='bbox 198 767 382 853; x_wconf 78' lang='lat' dir='ltr'><strong>Auritosque</strong></span> <span class='ocrx_word' id='word_1_11' title='bbox 399 769 485 853; x_wconf 90' lang='lat' dir='ltr'><strong>sequi</strong></span> <span class='ocrx_word' id='word_1_12' title='bbox 501 769 633 853; x_wconf 86' lang='lat' dir='ltr'><strong>lepores,</strong></span> <span class='ocrx_word' id='word_1_13' title='bbox 648 783 713 831; x_wconf 92' lang='lat' dir='ltr'><strong>tum</strong></span> <span class='ocrx_word' id='word_1_14' title='bbox 729 771 824 852; x_wconf 87' lang='lat' dir='ltr'><strong>figere</strong></span> <span class='ocrx_word' id='word_1_15' title='bbox 841 770 948 833; x_wconf 87' lang='lat' dir='ltr'><strong>damas</strong></span> 
     </span>
     <span class='ocr_line' id='line_1_4' title="bbox 199 871 967 960; baseline 0.003 -25"><span class='ocrx_word' id='word_1_16' title='bbox 199 871 336 956; x_wconf 88' lang='lat' dir='ltr'><strong>Stuppea</strong></span> <span class='ocrx_word' id='word_1_17' title='bbox 351 885 544 960; x_wconf 83' lang='lat' dir='ltr'><strong>torquentem</strong></span> <span class='ocrx_word' id='word_1_18' title='bbox 561 873 701 939; x_wconf 76' lang='lat' dir='ltr'><strong>Balearis</strong></span> <span class='ocrx_word' id='word_1_19' title='bbox 716 877 844 938; x_wconf 84' lang='lat' dir='ltr'><strong>verbera</strong></span> <span class='ocrx_word' id='word_1_20' title='bbox 856 874 967 950; x_wconf 81' lang='lat' dir='ltr'><strong>t&#39;unda,</strong></span> 
     </span>
     <span class='ocr_line' id='line_1_5' title="bbox 198 973 1231 1064; baseline 0 -24"><span class='ocrx_word' id='word_1_21' title='bbox 198 973 303 1050; x_wconf 86' lang='lat' dir='ltr'><strong>Quum</strong></span> <span class='ocrx_word' id='word_1_22' title='bbox 320 978 373 1042; x_wconf 88' lang='lat' dir='ltr'><strong>nix</strong></span> <span class='ocrx_word' id='word_1_23' title='bbox 390 979 449 1042; x_wconf 88' lang='lat' dir='ltr'><strong>alta</strong></span> <span class='ocrx_word' id='word_1_24' title='bbox 460 977 556 1063; x_wconf 87' lang='lat' dir='ltr'><strong>jacet,</strong></span> <span class='ocrx_word' id='word_1_25' title='bbox 573 979 703 1064; x_wconf 77' lang='lat' dir='ltr'><strong>glaciem</strong></span> <span class='ocrx_word' id='word_1_26' title='bbox 719 1001 813 1064; x_wconf 89' lang='lat' dir='ltr'><strong>quum</strong></span> <span class='ocrx_word' id='word_1_27' title='bbox 830 979 953 1043; x_wconf 88' lang='lat' dir='ltr'><strong>flumina</strong></span> <span class='ocrx_word' id='word_1_28' title='bbox 965 979 1100 1042; x_wconf 90' lang='lat' dir='ltr'><strong>trudunt.</strong></span> <span class='ocrx_word' id='word_1_29' title='bbox 1169 980 1231 1041; x_wconf 80' lang='lat'><strong>310</strong></span> 
     </span>
     <span class='ocr_line' id='line_1_6' title="bbox 244 1081 1002 1169; baseline 0.005 -25"><span class='ocrx_word' id='word_1_30' title='bbox 244 1081 329 1157; x_wconf 83' lang='lat' dir='ltr'>Quid</span> <span class='ocrx_word' id='word_1_31' title='bbox 346 1098 544 1169; x_wconf 87' lang='lat' dir='ltr'><strong>tempestates</strong></span> <span class='ocrx_word' id='word_1_32' title='bbox 559 1087 695 1148; x_wconf 76' lang='lat' dir='ltr'><strong>autumni</strong></span> <span class='ocrx_word' id='word_1_33' title='bbox 711 1099 742 1148; x_wconf 91' lang='lat' dir='ltr'><strong>et</strong></span> <span class='ocrx_word' id='word_1_34' title='bbox 757 1087 858 1150; x_wconf 90' lang='lat' dir='ltr'><strong>sidera</strong></span> <span class='ocrx_word' id='word_1_35' title='bbox 874 1085 1002 1150; x_wconf 83' lang='lat' dir='ltr'><strong>dicam?</strong></span> 
     </span>
    </p>

    <p class='ocr_par' dir='ltr' id='par_1_3' title="bbox 199 1187 1077 1380">
     <span class='ocr_line' id='line_1_7' title="bbox 201 1187 1035 1275; baseline 0.005 -27"><span class='ocrx_word' id='word_1_36' title='bbox 201 1187 315 1270; x_wconf 80' lang='lat' dir='ltr'><strong>Atque,</strong></span> <span class='ocrx_word' id='word_1_37' title='bbox 331 1188 383 1251; x_wconf 91' lang='lat' dir='ltr'><strong>ubi</strong></span> <span class='ocrx_word' id='word_1_38' title='bbox 394 1187 461 1273; x_wconf 84' lang='lat' dir='ltr'><strong>jam</strong></span> <span class='ocrx_word' id='word_1_39' title='bbox 476 1189 658 1275; x_wconf 78' lang='lat' dir='ltr'><strong>breviorque</strong></span> <span class='ocrx_word' id='word_1_40' title='bbox 675 1189 742 1253; x_wconf 92' lang='lat' dir='ltr'><strong>dies</strong></span> <span class='ocrx_word' id='word_1_41' title='bbox 757 1205 790 1254; x_wconf 90' lang='lat' dir='ltr'><strong>et</strong></span> <span class='ocrx_word' id='word_1_42' title='bbox 804 1191 923 1255; x_wconf 89' lang='lat' dir='ltr'><strong>mollior</strong></span> <span class='ocrx_word' id='word_1_43' title='bbox 938 1203 1035 1265; x_wconf 84' lang='lat' dir='ltr'><strong>restas,</strong></span> 
     </span>
     <span class='ocr_line' id='line_1_8' title="bbox 199 1289 1077 1380; baseline 0.006 -27"><span class='ocrx_word' id='word_1_44' title='bbox 199 1289 278 1365; x_wconf 81' lang='lat' dir='ltr'><strong>Quae</strong></span> <span class='ocrx_word' id='word_1_45' title='bbox 295 1293 446 1376; x_wconf 83' lang='lat' dir='ltr'><strong>vigilando</strong></span> <span class='ocrx_word' id='word_1_46' title='bbox 462 1295 544 1373; x_wconf 86' lang='lat' dir='ltr'><strong>viris,</strong></span> <span class='ocrx_word' id='word_1_47' title='bbox 559 1295 609 1360; x_wconf 86' lang='lat' dir='ltr'><strong>vel</strong></span> <span class='ocrx_word' id='word_1_48' title='bbox 625 1317 718 1380; x_wconf 92' lang='lat' dir='ltr'><strong>quum</strong></span> <span class='ocrx_word' id='word_1_49' title='bbox 736 1296 794 1360; x_wconf 90' lang='lat' dir='ltr'><strong>ruit</strong></span> <span class='ocrx_word' id='word_1_50' title='bbox 809 1293 997 1359; x_wconf 84' lang='lat' dir='ltr'><strong>imbriferum</strong></span> <span class='ocrx_word' id='word_1_51' title='bbox 1012 1316 1077 1374; x_wconf 85' lang='lat' dir='ltr'><strong>ver,</strong></span> 
     </span>
    </p>

    <p class='ocr_par' dir='ltr' id='par_1_4' title="bbox 130 1397 1115 2750">
     <span class='ocr_line' id='line_1_9' title="bbox 130 1397 1080 1486; baseline 0.002 -26"><span class='ocrx_word' id='word_1_52' title='bbox 130 1420 134 1428; x_wconf 91' lang='lat'>·</span> <span class='ocrx_word' id='word_1_53' title='bbox 197 1398 310 1482; x_wconf 82' lang='lat' dir='ltr'><strong>Spicea</strong></span> <span class='ocrx_word' id='word_1_54' title='bbox 320 1397 385 1483; x_wconf 86' lang='lat' dir='ltr'><strong>jam</strong></span> <span class='ocrx_word' id='word_1_55' title='bbox 402 1401 518 1486; x_wconf 85' lang='lat' dir='ltr'><strong>campis</strong></span> <span class='ocrx_word' id='word_1_56' title='bbox 534 1423 627 1485; x_wconf 91' lang='lat' dir='ltr'><strong>quum</strong></span> <span class='ocrx_word' id='word_1_57' title='bbox 644 1402 751 1465; x_wconf 89' lang='lat' dir='ltr'><strong>messis</strong></span> <span class='ocrx_word' id='word_1_58' title='bbox 766 1401 922 1474; x_wconf 89' lang='lat' dir='ltr'><strong>inhorruit,</strong></span> <span class='ocrx_word' id='word_1_59' title='bbox 939 1417 970 1464; x_wconf 91' lang='lat' dir='ltr'><strong>ct</strong></span> <span class='ocrx_word' id='word_1_60' title='bbox 987 1421 1080 1486; x_wconf 90' lang='lat' dir='ltr'><strong>quum</strong></span> 
     </span>
     <span class='ocr_line' id='line_1_10' title="bbox 197 1502 952 1592; baseline 0.003 -24"><span class='ocrx_word' id='word_1_61' title='bbox 197 1502 365 1570; x_wconf 86' lang='lat' dir='ltr'><strong>Frumento</strong></span> <span class='ocrx_word' id='word_1_62' title='bbox 383 1508 412 1570; x_wconf 92' lang='lat' dir='ltr'><strong>in</strong></span> <span class='ocrx_word' id='word_1_63' title='bbox 428 1508 515 1572; x_wconf 86' lang='lat' dir='ltr'><strong>viridi</strong></span> <span class='ocrx_word' id='word_1_64' title='bbox 531 1505 641 1592; x_wconf 72' lang='lat' dir='ltr'><strong>stipulis</strong></span> <span class='ocrx_word' id='word_1_65' title='bbox 652 1507 794 1572; x_wconf 83' lang='lat' dir='ltr'><strong>lactentia</strong></span> <span class='ocrx_word' id='word_1_66' title='bbox 809 1507 952 1592; x_wconf 82' lang='lat' dir='ltr'><strong>turgent?</strong></span> 
     </span>
     <span class='ocr_line' id='line_1_11' title="bbox 197 1609 1037 1698; baseline 0.004 -25"><span class='ocrx_word' id='word_1_67' title='bbox 197 1609 286 1695; x_wconf 75' lang='lat' dir='ltr'><strong>Septi</strong></span> <span class='ocrx_word' id='word_1_68' title='bbox 303 1633 372 1698; x_wconf 86' lang='lat' dir='ltr'><strong>ego,</strong></span> <span class='ocrx_word' id='word_1_69' title='bbox 390 1635 482 1698; x_wconf 90' lang='lat' dir='ltr'><strong>quum</strong></span> <span class='ocrx_word' id='word_1_70' title='bbox 498 1613 583 1678; x_wconf 83' lang='lat' dir='ltr'><strong>flavis</strong></span> <span class='ocrx_word' id='word_1_71' title='bbox 599 1635 766 1676; x_wconf 86' lang='lat' dir='ltr'><strong>messorem</strong></span> <span class='ocrx_word' id='word_1_72' title='bbox 783 1613 943 1677; x_wconf 88' lang='lat' dir='ltr'><strong>induceret</strong></span> <span class='ocrx_word' id='word_1_73' title='bbox 959 1613 1037 1676; x_wconf 83' lang='lat' dir='ltr'><strong>arvis</strong></span> 
     </span>
     <span class='ocr_line' id='line_1_12' title="bbox 194 1720 1025 1806; baseline 0.004 -23"><span class='ocrx_word' id='word_1_74' title='bbox 194 1720 350 1804; x_wconf 80' lang='lat' dir='ltr'><strong>Agricola,</strong></span> <span class='ocrx_word' id='word_1_75' title='bbox 367 1734 398 1784; x_wconf 86' lang='lat' dir='ltr'><strong>et</strong></span> <span class='ocrx_word' id='word_1_76' title='bbox 414 1720 510 1804; x_wconf 83' lang='lat' dir='ltr'><strong>fragili</strong></span> <span class='ocrx_word' id='word_1_77' title='bbox 522 1721 587 1806; x_wconf 89' lang='lat' dir='ltr'><strong>jam</strong></span> <span class='ocrx_word' id='word_1_78' title='bbox 604 1721 765 1804; x_wconf 89' lang='lat' dir='ltr'><strong>stringeret</strong></span> <span class='ocrx_word' id='word_1_79' title='bbox 780 1722 896 1786; x_wconf 89' lang='lat' dir='ltr'><strong>hordea</strong></span> <span class='ocrx_word' id='word_1_80' title='bbox 912 1722 1025 1796; x_wconf 87' lang='lat' dir='ltr'><strong>culmo,</strong></span> 
     </span>
     <span class='ocr_line' id='line_1_13' title="bbox 195 1824 895 1920; baseline 0.003 -31"><span class='ocrx_word' id='word_1_81' title='bbox 195 1824 310 1890; x_wconf 86' lang='lat' dir='ltr'><strong>Omnia</strong></span> <span class='ocrx_word' id='word_1_82' title='bbox 324 1840 483 1888; x_wconf 85' lang='lat' dir='ltr'><strong>ventorum</strong></span> <span class='ocrx_word' id='word_1_83' title='bbox 499 1847 683 1889; x_wconf 89' lang='lat' dir='ltr'><strong>concurrere</strong></span> <span class='ocrx_word' id='word_1_84' title='bbox 699 1828 806 1920; x_wconf 65' lang='lat' dir='ltr'><strong>prgelia</strong></span> <span class='ocrx_word' id='word_1_85' title='bbox 823 1828 895 1906; x_wconf 89' lang='lat' dir='ltr'><strong>vidi,</strong></span> 
     </span>
     <span class='ocr_line' id='line_1_14' title="bbox 197 1928 985 2014; baseline 0.003 -22"><span class='ocrx_word' id='word_1_86' title='bbox 197 1928 275 2006; x_wconf 78' lang='lat' dir='ltr'><strong>Qua</strong></span> <span class='ocrx_word' id='word_1_87' title='bbox 293 1930 448 2014; x_wconf 83' lang='lat' dir='ltr'><strong>gravidam</strong></span> <span class='ocrx_word' id='word_1_88' title='bbox 464 1929 524 1994; x_wconf 75' lang='lat' dir='ltr'><strong>lati</strong></span> <span class='ocrx_word' id='word_1_89' title='bbox 541 1945 677 2014; x_wconf 82' lang='lat' dir='ltr'><strong>segetem</strong></span> <span class='ocrx_word' id='word_1_90' title='bbox 692 1931 732 1996; x_wconf 88' lang='lat' dir='ltr'><strong>ab</strong></span> <span class='ocrx_word' id='word_1_91' title='bbox 749 1931 902 1996; x_wconf 82' lang='lat' dir='ltr'><strong>radicibus</strong></span> <span class='ocrx_word' id='word_1_92' title='bbox 917 1931 985 1995; x_wconf 89' lang='lat' dir='ltr'><strong>imis</strong></span> 
     </span>
     <span class='ocr_line' id='line_1_15' title="bbox 197 2033 989 2121; baseline 0.005 -25"><span class='ocrx_word' id='word_1_93' title='bbox 197 2033 335 2098; x_wconf 74' lang='lat' dir='ltr'><strong>Sublime</strong></span> <span class='ocrx_word' id='word_1_94' title='bbox 351 2035 511 2120; x_wconf 83' lang='lat' dir='ltr'><strong>expulsam</strong></span> <span class='ocrx_word' id='word_1_95' title='bbox 528 2051 691 2112; x_wconf 88' lang='lat' dir='ltr'><strong>eruerent;</strong></span> <span class='ocrx_word' id='word_1_96' title='bbox 715 2039 755 2100; x_wconf 85' lang='lat' dir='ltr'><strong>ite</strong></span> <span class='ocrx_word' id='word_1_97' title='bbox 769 2037 888 2100; x_wconf 92' lang='lat' dir='ltr'><strong>turbine</strong></span> <span class='ocrx_word' id='word_1_98' title='bbox 904 2037 989 2121; x_wconf 90' lang='lat' dir='ltr'><strong>nigro</strong></span> 
     </span>
     <span class='ocr_line' id='line_1_16' title="bbox 198 2121 1115 2226; baseline 0.001 -25"><span class='ocrx_word' id='word_1_99' title='bbox 198 2135 310 2203; x_wconf 83' lang='lat' dir='ltr'><strong>Ferret</strong></span> <span class='ocrx_word' id='word_1_100' title='bbox 326 2140 425 2204; x_wconf 88' lang='lat' dir='ltr'><strong>biems</strong></span> <span class='ocrx_word' id='word_1_101' title='bbox 440 2141 636 2225; x_wconf 89' lang='lat' dir='ltr'><strong>culmumque</strong></span> <span class='ocrx_word' id='word_1_102' title='bbox 650 2141 750 2204; x_wconf 83' lang='lat' dir='ltr'><strong>levem</strong></span> <span class='ocrx_word' id='word_1_103' title='bbox 766 2121 951 2226; x_wconf 75' lang='lat' dir='ltr'><strong>stipulasque</strong></span> <span class='ocrx_word' id='word_1_104' title='bbox 968 2141 1115 2204; x_wconf 85' lang='lat' dir='ltr'><strong>volantes.</strong></span> 
     </span>
     <span class='ocr_line' id='line_1_17' title="bbox 195 2243 1085 2331; baseline 0.001 -24"><span class='ocrx_word' id='word_1_105' title='bbox 195 2243 283 2328; x_wconf 77' lang='lat' dir='ltr'><strong>Saepe</strong></span> <span class='ocrx_word' id='word_1_106' title='bbox 301 2246 392 2308; x_wconf 86' lang='lat' dir='ltr'><strong>etiem</strong></span> <span class='ocrx_word' id='word_1_107' title='bbox 409 2245 591 2310; x_wconf 91' lang='lat' dir='ltr'><strong>immensum</strong></span> <span class='ocrx_word' id='word_1_108' title='bbox 607 2245 688 2310; x_wconf 79' lang='lat' dir='ltr'><strong>coelo</strong></span> <span class='ocrx_word' id='word_1_109' title='bbox 704 2246 787 2308; x_wconf 86' lang='lat' dir='ltr'><strong>venit</strong></span> <span class='ocrx_word' id='word_1_110' title='bbox 801 2267 910 2330; x_wconf 87' lang='lat' dir='ltr'><strong>agmen</strong></span> <span class='ocrx_word' id='word_1_111' title='bbox 927 2265 1085 2331; x_wconf 88' lang='lat' dir='ltr'><strong>aquarum,</strong></span> 
     </span>
     <span class='ocr_line' id='line_1_18' title="bbox 195 2345 1027 2440; baseline 0.005 -30"><span class='ocrx_word' id='word_1_112' title='bbox 195 2345 239 2412; x_wconf 88' lang='lat' dir='ltr'><strong>Et</strong></span> <span class='ocrx_word' id='word_1_113' title='bbox 254 2348 367 2440; x_wconf 80' lang='lat' dir='ltr'><strong>soedarn</strong></span> <span class='ocrx_word' id='word_1_114' title='bbox 385 2351 553 2434; x_wconf 87' lang='lat' dir='ltr'><strong>glomerent</strong></span> <span class='ocrx_word' id='word_1_115' title='bbox 565 2363 778 2434; x_wconf 85' lang='lat' dir='ltr'><strong>tempestatem</strong></span> <span class='ocrx_word' id='word_1_116' title='bbox 794 2350 941 2414; x_wconf 87' lang='lat' dir='ltr'><strong>imbribus</strong></span> <span class='ocrx_word' id='word_1_117' title='bbox 956 2352 1027 2414; x_wconf 86' lang='lat' dir='ltr'><strong>atris</strong></span> 
     </span>
     <span class='ocr_line' id='line_1_19' title="bbox 193 2449 938 2533; baseline 0.003 -18"><span class='ocrx_word' id='word_1_118' title='bbox 193 2449 341 2518; x_wconf 84' lang='lat' dir='ltr'><strong>Collectte</strong></span> <span class='ocrx_word' id='word_1_119' title='bbox 358 2475 399 2518; x_wconf 87' lang='lat' dir='ltr'><strong>ex</strong></span> <span class='ocrx_word' id='word_1_120' title='bbox 415 2455 476 2518; x_wconf 87' lang='lat' dir='ltr'><strong>alto</strong></span> <span class='ocrx_word' id='word_1_121' title='bbox 491 2455 608 2533; x_wconf 89' lang='lat' dir='ltr'><strong>nubes;</strong></span> <span class='ocrx_word' id='word_1_122' title='bbox 631 2454 690 2518; x_wconf 90' lang='lat' dir='ltr'><strong>ruit</strong></span> <span class='ocrx_word' id='word_1_123' title='bbox 705 2456 818 2518; x_wconf 89' lang='lat' dir='ltr'><strong>arduus</strong></span> <span class='ocrx_word' id='word_1_124' title='bbox 834 2456 938 2533; x_wconf 86' lang='lat' dir='ltr'><strong>aetber,</strong></span> 
     </span>
     <span class='ocr_line' id='line_1_20' title="bbox 194 2551 1044 2646; baseline 0 -24"><span class='ocrx_word' id='word_1_125' title='bbox 194 2557 237 2622; x_wconf 89' lang='lat' dir='ltr'><strong>Et</strong></span> <span class='ocrx_word' id='word_1_126' title='bbox 253 2556 356 2643; x_wconf 81' lang='lat' dir='ltr'><strong>pluviis</strong></span> <span class='ocrx_word' id='word_1_127' title='bbox 371 2559 485 2644; x_wconf 87' lang='lat' dir='ltr'><strong>ingenti</strong></span> <span class='ocrx_word' id='word_1_128' title='bbox 501 2573 566 2624; x_wconf 88' lang='lat' dir='ltr'><strong>sata</strong></span> <span class='ocrx_word' id='word_1_129' title='bbox 582 2561 649 2624; x_wconf 85' lang='lat' dir='ltr'><strong>laete</strong></span> <span class='ocrx_word' id='word_1_130' title='bbox 663 2560 819 2646; x_wconf 89' lang='lat' dir='ltr'><strong>boumque</strong></span> <span class='ocrx_word' id='word_1_131' title='bbox 831 2560 951 2623; x_wconf 87' lang='lat' dir='ltr'><strong>labores</strong></span> <span class='ocrx_word' id='word_1_132' title='bbox 1043 2551 1044 2556; x_wconf 33' lang='lat'>¹</span> 
     </span>
     <span class='ocr_line' id='line_1_21' title="bbox 195 2663 1044 2750; baseline 0.001 -22"><span class='ocrx_word' id='word_1_133' title='bbox 195 2663 310 2744; x_wconf 80' lang='lat' dir='ltr'><strong>Diluit3</strong></span> <span class='ocrx_word' id='word_1_134' title='bbox 334 2666 497 2750; x_wconf 88' lang='lat' dir='ltr'><strong>implentur</strong></span> <span class='ocrx_word' id='word_1_135' title='bbox 510 2665 608 2746; x_wconf 76' lang='lat' dir='ltr'><strong>losse,</strong></span> <span class='ocrx_word' id='word_1_136' title='bbox 625 2680 656 2730; x_wconf 90' lang='lat' dir='ltr'><strong>et</strong></span> <span class='ocrx_word' id='word_1_137' title='bbox 671 2687 748 2731; x_wconf 87' lang='lat' dir='ltr'><strong>cava</strong></span> <span class='ocrx_word' id='word_1_138' title='bbox 763 2667 886 2731; x_wconf 86' lang='lat' dir='ltr'><strong>flumina</strong></span> <span class='ocrx_word' id='word_1_139' title='bbox 902 2680 1044 2729; x_wconf 90' lang='lat' dir='ltr'><strong>crescunt</strong></span> 
     </span>
    </p>

    <p class='ocr_par' dir='ltr' id='par_1_5' title="bbox 136 2767 1000 2865">
     <span class='ocr_line' id='line_1_22' title="bbox 136 2767 1000 2865; baseline 0.001 -32"><span class='ocrx_word' id='word_1_140' title='bbox 136 2805 147 2865; x_wconf 38' lang='grc' dir='ltr'><strong>κ.</strong></span> <span class='ocrx_word' id='word_1_141' title='bbox 196 2767 278 2833; x_wconf 87' lang='lat' dir='ltr'><strong>Cum</strong></span> <span class='ocrx_word' id='word_1_142' title='bbox 291 2770 400 2848; x_wconf 91' lang='lat' dir='ltr'><strong>sonitu,</strong></span> <span class='ocrx_word' id='word_1_143' title='bbox 418 2768 575 2856; x_wconf 82' lang='lat' dir='ltr'><strong>servetque</strong></span> <span class='ocrx_word' id='word_1_144' title='bbox 589 2770 673 2836; x_wconf 83' lang='lat' dir='ltr'><strong>fretis</strong></span> <span class='ocrx_word' id='word_1_145' title='bbox 688 2772 869 2856; x_wconf 74' lang='lat' dir='ltr'><strong>spirantibus</strong></span> <span class='ocrx_word' id='word_1_146' title='bbox 886 2791 1000 2856; x_wconf 75' lang='lat' dir='ltr'><strong>equor.</strong></span> 
     </span>
    </p>

    <p class='ocr_par' dir='ltr' id='par_1_6' title="bbox 148 2873 1066 3067">
     <span class='ocr_line' id='line_1_23' title="bbox 148 2873 1001 2960; baseline 0.001 -21"><span class='ocrx_word' id='word_1_147' title='bbox 148 2873 151 2882; x_wconf 83' lang='grc'><strong>’</strong></span> <span class='ocrx_word' id='word_1_148' title='bbox 193 2875 264 2960; x_wconf 92' lang='lat' dir='ltr'><strong>lpse</strong></span> <span class='ocrx_word' id='word_1_149' title='bbox 280 2873 384 2954; x_wconf 88' lang='lat' dir='ltr'><strong>Pater,</strong></span> <span class='ocrx_word' id='word_1_150' title='bbox 401 2875 505 2939; x_wconf 80' lang='lat' dir='ltr'><strong>medii</strong></span> <span class='ocrx_word' id='word_1_151' title='bbox 519 2875 691 2940; x_wconf 86' lang='lat' dir='ltr'><strong>nimborum</strong></span> <span class='ocrx_word' id='word_1_152' title='bbox 706 2878 737 2940; x_wconf 91' lang='lat' dir='ltr'><strong>io</strong></span> <span class='ocrx_word' id='word_1_153' title='bbox 754 2891 854 2954; x_wconf 90' lang='lat' dir='ltr'><strong>nocte,</strong></span> <span class='ocrx_word' id='word_1_154' title='bbox 870 2873 1001 2940; x_wconf 70' lang='lat' dir='ltr'><strong>corusci</strong></span> 
     </span>
     <span class='ocr_line' id='line_1_24' title="bbox 195 2967 1066 3067; baseline 0 -22"><span class='ocrx_word' id='word_1_155' title='bbox 195 2980 340 3048; x_wconf 84' lang='lat' dir='ltr'><strong>Fulmina</strong></span> <span class='ocrx_word' id='word_1_156' title='bbox 356 2982 477 3046; x_wconf 89' lang='lat' dir='ltr'><strong>molitur</strong></span> <span class='ocrx_word' id='word_1_157' title='bbox 493 2981 625 3061; x_wconf 79' lang='lat' dir='ltr'><strong>dextrb3</strong></span> <span class='ocrx_word' id='word_1_158' title='bbox 649 3005 711 3067; x_wconf 90' lang='lat' dir='ltr'><strong>quo</strong></span> <span class='ocrx_word' id='word_1_159' title='bbox 726 2984 862 3047; x_wconf 83' lang='lat' dir='ltr'><strong>maxima</strong></span> <span class='ocrx_word' id='word_1_160' title='bbox 877 2997 961 3047; x_wconf 91' lang='lat' dir='ltr'><strong>motu</strong></span> <span class='ocrx_word' id='word_1_161' title='bbox 1059 2967 1066 2984; x_wconf 75' lang='lat'>&#39;</span> 
     </span>
    </p>
   </div>
   <div class='ocr_carea' id='block_1_3' title="bbox 193 3091 1068 4235">
    <p class='ocr_par' dir='ltr' id='par_1_7' title="bbox 193 3091 1068 4235">
     <span class='ocr_line' id='line_1_25' title="bbox 193 3091 957 3176; baseline 0.001 -20"><span class='ocrx_word' id='word_1_162' title='bbox 193 3091 294 3160; x_wconf 85' lang='lat' dir='ltr'><strong>Terra</strong></span> <span class='ocrx_word' id='word_1_163' title='bbox 310 3095 422 3170; x_wconf 92' lang='lat' dir='ltr'><strong>tremit,</strong></span> <span class='ocrx_word' id='word_1_164' title='bbox 439 3091 544 3176; x_wconf 70' lang='lat' dir='ltr'><strong>fugire</strong></span> <span class='ocrx_word' id='word_1_165' title='bbox 561 3092 644 3170; x_wconf 81' lang='lat' dir='ltr'><strong>lere,</strong></span> <span class='ocrx_word' id='word_1_166' title='bbox 661 3107 692 3156; x_wconf 89' lang='lat' dir='ltr'><strong>et</strong></span> <span class='ocrx_word' id='word_1_167' title='bbox 707 3095 847 3158; x_wconf 87' lang='lat' dir='ltr'><strong>mortalia</strong></span> <span class='ocrx_word' id='word_1_168' title='bbox 862 3095 957 3159; x_wconf 90' lang='lat' dir='ltr'><strong>corda</strong></span> 
     </span>
     <span class='ocr_line' id='line_1_26' title="bbox 195 3197 989 3284; baseline 0.001 -22"><span class='ocrx_word' id='word_1_169' title='bbox 195 3199 378 3283; x_wconf 90' lang='lat' dir='ltr'><strong>Pergentes</strong></span> <span class='ocrx_word' id='word_1_170' title='bbox 393 3197 515 3260; x_wconf 89' lang='lat' dir='ltr'><strong>humilis</strong></span> <span class='ocrx_word' id='word_1_171' title='bbox 530 3199 634 3262; x_wconf 86' lang='lat' dir='ltr'><strong>stravit</strong></span> <span class='ocrx_word' id='word_1_172' title='bbox 648 3219 763 3284; x_wconf 84' lang='lat' dir='ltr'><strong>pavor:</strong></span> <span class='ocrx_word' id='word_1_173' title='bbox 786 3199 836 3262; x_wconf 92' lang='lat' dir='ltr'><strong>ille</strong></span> <span class='ocrx_word' id='word_1_174' title='bbox 853 3199 989 3284; x_wconf 84' lang='lat' dir='ltr'><strong>flagranti</strong></span> 
     </span>
     <span class='ocr_line' id='line_1_27' title="bbox 194 3301 1033 3393; baseline 0.002 -26"><span class='ocrx_word' id='word_1_175' title='bbox 194 3305 258 3368; x_wconf 86' lang='lat' dir='ltr'><strong>Aut</strong></span> <span class='ocrx_word' id='word_1_176' title='bbox 272 3305 366 3382; x_wconf 85' lang='lat' dir='ltr'><strong>Atho,</strong></span> <span class='ocrx_word' id='word_1_177' title='bbox 384 3317 435 3368; x_wconf 84' lang='lat' dir='ltr'><strong>aut</strong></span> <span class='ocrx_word' id='word_1_178' title='bbox 451 3301 637 3388; x_wconf 88' lang='lat' dir='ltr'><strong>Rhodopen,</strong></span> <span class='ocrx_word' id='word_1_179' title='bbox 654 3321 706 3368; x_wconf 88' lang='lat' dir='ltr'><strong>aut</strong></span> <span class='ocrx_word' id='word_1_180' title='bbox 722 3305 782 3368; x_wconf 86' lang='lat' dir='ltr'><strong>alta</strong></span> <span class='ocrx_word' id='word_1_181' title='bbox 798 3302 956 3393; x_wconf 72' lang='lat' dir='ltr'><strong>Ceraunia</strong></span> <span class='ocrx_word' id='word_1_182' title='bbox 971 3306 1033 3370; x_wconf 91' lang='lat' dir='ltr'><strong>telo</strong></span> 
     </span>
     <span class='ocr_line' id='line_1_28' title="bbox 195 3408 1046 3494; baseline 0.001 -21"><span class='ocrx_word' id='word_1_183' title='bbox 195 3408 336 3494; x_wconf 87' lang='lat' dir='ltr'><strong>Dejicit;</strong></span> <span class='ocrx_word' id='word_1_184' title='bbox 359 3408 543 3493; x_wconf 89' lang='lat' dir='ltr'><strong>ingeminant</strong></span> <span class='ocrx_word' id='word_1_185' title='bbox 560 3409 651 3472; x_wconf 84' lang='lat' dir='ltr'><strong>austri</strong></span> <span class='ocrx_word' id='word_1_186' title='bbox 669 3424 700 3473; x_wconf 90' lang='lat' dir='ltr'><strong>et</strong></span> <span class='ocrx_word' id='word_1_187' title='bbox 715 3411 912 3475; x_wconf 89' lang='lat' dir='ltr'><strong>densissimus</strong></span> <span class='ocrx_word' id='word_1_188' title='bbox 928 3411 1046 3490; x_wconf 89' lang='lat' dir='ltr'><strong>imber;</strong></span> 
     </span>
     <span class='ocr_line' id='line_1_29' title="bbox 196 3513 1068 3602; baseline 0.003 -23"><span class='ocrx_word' id='word_1_189' title='bbox 196 3515 288 3580; x_wconf 88' lang='lat' dir='ltr'><strong>Nunc</strong></span> <span class='ocrx_word' id='word_1_190' title='bbox 304 3535 432 3579; x_wconf 87' lang='lat' dir='ltr'><strong>nemora</strong></span> <span class='ocrx_word' id='word_1_191' title='bbox 444 3513 555 3598; x_wconf 83' lang='lat' dir='ltr'><strong>ingenti</strong></span> <span class='ocrx_word' id='word_1_192' title='bbox 571 3528 673 3592; x_wconf 85' lang='lat' dir='ltr'><strong>vento,</strong></span> <span class='ocrx_word' id='word_1_193' title='bbox 690 3537 770 3580; x_wconf 91' lang='lat' dir='ltr'><strong>nnnc</strong></span> <span class='ocrx_word' id='word_1_194' title='bbox 786 3517 896 3596; x_wconf 85' lang='lat' dir='ltr'><strong>littora,</strong></span> <span class='ocrx_word' id='word_1_195' title='bbox 912 3519 1068 3602; x_wconf 87' lang='lat' dir='ltr'><strong>plangunt.</strong></span> 
     </span>
     <span class='ocr_line' id='line_1_30' title="bbox 241 3617 981 3701; baseline 0.004 -19"><span class='ocrx_word' id='word_1_196' title='bbox 241 3617 312 3683; x_wconf 88' lang='lat' dir='ltr'><strong>Hoc</strong></span> <span class='ocrx_word' id='word_1_197' title='bbox 329 3635 479 3696; x_wconf 87' lang='lat' dir='ltr'><strong>metuens,</strong></span> <span class='ocrx_word' id='word_1_198' title='bbox 496 3617 566 3683; x_wconf 87' lang='lat' dir='ltr'><strong>coeli</strong></span> <span class='ocrx_word' id='word_1_199' title='bbox 584 3641 705 3683; x_wconf 88' lang='lat' dir='ltr'><strong>menses</strong></span> <span class='ocrx_word' id='word_1_200' title='bbox 721 3634 752 3684; x_wconf 90' lang='lat' dir='ltr'><strong>et</strong></span> <span class='ocrx_word' id='word_1_201' title='bbox 768 3621 867 3685; x_wconf 90' lang='lat' dir='ltr'><strong>sidera</strong></span> <span class='ocrx_word' id='word_1_202' title='bbox 880 3641 981 3701; x_wconf 89' lang='lat' dir='ltr'><strong>serva,</strong></span> 
     </span>
     <span class='ocr_line' id='line_1_31' title="bbox 198 3722 893 3812; baseline 0.003 -24"><span class='ocrx_word' id='word_1_203' title='bbox 198 3723 324 3808; x_wconf 83' lang='lat' dir='ltr'><strong>Frigida</strong></span> <span class='ocrx_word' id='word_1_204' title='bbox 341 3725 463 3789; x_wconf 82' lang='lat' dir='ltr'><strong>Saturni</strong></span> <span class='ocrx_word' id='word_1_205' title='bbox 479 3745 547 3792; x_wconf 89' lang='lat' dir='ltr'><strong>sese</strong></span> <span class='ocrx_word' id='word_1_206' title='bbox 564 3722 625 3809; x_wconf 84' lang='lat' dir='ltr'><strong>quir</strong></span> <span class='ocrx_word' id='word_1_207' title='bbox 641 3726 729 3789; x_wconf 88' lang='lat' dir='ltr'><strong>stella</strong></span> <span class='ocrx_word' id='word_1_208' title='bbox 745 3739 893 3812; x_wconf 88' lang='lat' dir='ltr'><strong>receptet,</strong></span> 
     </span>
     <span class='ocr_line' id='line_1_32' title="bbox 196 3826 899 3912; baseline 0.007 -23"><span class='ocrx_word' id='word_1_209' title='bbox 196 3826 285 3902; x_wconf 86' lang='lat' dir='ltr'><strong>Quos</strong></span> <span class='ocrx_word' id='word_1_210' title='bbox 300 3827 377 3911; x_wconf 90' lang='lat' dir='ltr'><strong>ignis</strong></span> <span class='ocrx_word' id='word_1_211' title='bbox 393 3829 463 3893; x_wconf 87' lang='lat' dir='ltr'><strong>oceli</strong></span> <span class='ocrx_word' id='word_1_212' title='bbox 480 3826 640 3912; x_wconf 87' lang='lat' dir='ltr'><strong>Cyllenius</strong></span> <span class='ocrx_word' id='word_1_213' title='bbox 655 3842 738 3893; x_wconf 91' lang='lat' dir='ltr'><strong>erret</strong></span> <span class='ocrx_word' id='word_1_214' title='bbox 751 3830 782 3893; x_wconf 91' lang='lat' dir='ltr'><strong>in</strong></span> <span class='ocrx_word' id='word_1_215' title='bbox 797 3831 899 3894; x_wconf 90' lang='lat' dir='ltr'><strong>orbes.</strong></span> 
     </span>
     <span class='ocr_line' id='line_1_33' title="bbox 239 3931 1016 4020; baseline 0.008 -26"><span class='ocrx_word' id='word_1_216' title='bbox 239 3931 274 3995; x_wconf 92' lang='lat' dir='ltr'><strong>ln</strong></span> <span class='ocrx_word' id='word_1_217' title='bbox 291 3933 396 4017; x_wconf 90' lang='lat' dir='ltr'><strong>primis</strong></span> <span class='ocrx_word' id='word_1_218' title='bbox 410 3957 557 4002; x_wconf 85' lang='lat' dir='ltr'><strong>venerare</strong></span> <span class='ocrx_word' id='word_1_219' title='bbox 574 3935 661 4013; x_wconf 87' lang='lat' dir='ltr'><strong>deos,</strong></span> <span class='ocrx_word' id='word_1_220' title='bbox 677 3948 768 4020; x_wconf 90' lang='lat' dir='ltr'><strong>atque</strong></span> <span class='ocrx_word' id='word_1_221' title='bbox 785 3957 883 3999; x_wconf 85' lang='lat' dir='ltr'><strong>annue</strong></span> <span class='ocrx_word' id='word_1_222' title='bbox 900 3957 1016 4020; x_wconf 82' lang='lat' dir='ltr'><strong>magne</strong></span> 
     </span>
     <span class='ocr_line' id='line_1_34' title="bbox 197 4037 953 4126; baseline 0.007 -25"><span class='ocrx_word' id='word_1_223' title='bbox 197 4039 294 4102; x_wconf 81' lang='lat' dir='ltr'><strong>Sarra</strong></span> <span class='ocrx_word' id='word_1_224' title='bbox 310 4037 391 4102; x_wconf 78' lang='lat' dir='ltr'><strong>refer</strong></span> <span class='ocrx_word' id='word_1_225' title='bbox 408 4037 529 4122; x_wconf 90' lang='lat' dir='ltr'><strong>Cereri,</strong></span> <span class='ocrx_word' id='word_1_226' title='bbox 546 4043 620 4106; x_wconf 82' lang='lat' dir='ltr'><strong>letis</strong></span> <span class='ocrx_word' id='word_1_227' title='bbox 635 4055 779 4126; x_wconf 87' lang='lat' dir='ltr'><strong>operatus</strong></span> <span class='ocrx_word' id='word_1_228' title='bbox 794 4040 823 4104; x_wconf 92' lang='lat' dir='ltr'><strong>in</strong></span> <span class='ocrx_word' id='word_1_229' title='bbox 840 4041 953 4118; x_wconf 88' lang='lat' dir='ltr'><strong>berbis,</strong></span> 
     </span>
     <span class='ocr_line' id='line_1_35' title="bbox 196 4145 999 4235; baseline -0.001 -25"><span class='ocrx_word' id='word_1_230' title='bbox 196 4145 355 4210; x_wconf 72' lang='lat' dir='ltr'><strong>Extrema</strong></span> <span class='ocrx_word' id='word_1_231' title='bbox 372 4146 427 4209; x_wconf 89' lang='lat' dir='ltr'><strong>sub</strong></span> <span class='ocrx_word' id='word_1_232' title='bbox 443 4167 550 4211; x_wconf 88' lang='lat' dir='ltr'><strong>casum</strong></span> <span class='ocrx_word' id='word_1_233' title='bbox 565 4149 685 4228; x_wconf 89' lang='lat' dir='ltr'><strong>hiemis,</strong></span> <span class='ocrx_word' id='word_1_234' title='bbox 697 4148 851 4235; x_wconf 84' lang='lat' dir='ltr'><strong>jamvero</strong></span> <span class='ocrx_word' id='word_1_235' title='bbox 867 4167 999 4212; x_wconf 90' lang='lat' dir='ltr'><strong>sereno:</strong></span> 
     </span>
    </p>
   </div>
   <div class='ocr_carea' id='block_1_4' title="bbox 198 4253 952 4347">
    <p class='ocr_par' dir='ltr' id='par_1_8' title="bbox 198 4253 952 4347">
     <span class='ocr_line' id='line_1_36' title="bbox 198 4253 952 4347; baseline 0.004 -31"><span class='ocrx_word' id='word_1_236' title='bbox 198 4253 290 4316; x_wconf 86' lang='lat' dir='ltr'><strong>Tunc</strong></span> <span class='ocrx_word' id='word_1_237' title='bbox 303 4253 432 4338; x_wconf 88' lang='lat' dir='ltr'><strong>pingues</strong></span> <span class='ocrx_word' id='word_1_238' title='bbox 448 4255 529 4336; x_wconf 88' lang='lat' dir='ltr'><strong>agni,</strong></span> <span class='ocrx_word' id='word_1_239' title='bbox 545 4268 577 4347; x_wconf 76' lang='lat' dir='ltr'><strong>et</strong></span> <span class='ocrx_word' id='word_1_240' title='bbox 591 4269 663 4320; x_wconf 86' lang='lat' dir='ltr'><strong>tunc</strong></span> <span class='ocrx_word' id='word_1_241' title='bbox 679 4255 857 4322; x_wconf 91' lang='lat' dir='ltr'><strong>mollissima</strong></span> <span class='ocrx_word' id='word_1_242' title='bbox 872 4255 952 4332; x_wconf 89' lang='lat' dir='ltr'><strong>vina,</strong></span> 
     </span>
    </p>
   </div>
   <div class='ocr_carea' id='block_1_5' title="bbox 0 0 1500 5102">
    <p class='ocr_par' dir='ltr' id='par_1_9' title="bbox 0 0 1500 5102">
     <span class='ocr_line' id='line_1_37' title="bbox 0 0 1500 5102; baseline 0 0"><span class='ocrx_word' id='word_1_243' title='bbox 0 0 1500 5102; x_wconf 95' lang='lat' dir='ltr'><strong> </strong></span> 
     </span>
    </p>
   </div>
  </div>
 </body>
</html>
