2992 5102
667 483 783 548 LIBER
803 489 838 546 11.

245 641 402 720 Cornus3
423 637 551 724 Ityreos
567 639 632 702 uxi
647 653 823 722 torquentur
839 639 868 702 in
883 657 983 703 erens.

252 745 328 810 Nee
342 746 415 810 tilite
431 745 525 822 leues,
538 757 593 808 eut
607 756 693 808 turno
707 743 796 807 rusile
811 744 940 823 buxum,

255 850 333 916 Nou
350 849 478 915 formem
496 851 660 934 recipiunt,
676 848 817 934 ferroque
832 863 978 914 cavantur
990 860 1101 913 eeuto:
1231 851 1295 908 450

261 951 409 1018 Necnon
425 971 458 1019 et
471 968 638 1018 torrentem
654 954 766 1016 undum
783 953 858 1017 levis
872 955 985 1016 innatet
1001 951 1087 1016 ulnus

264 1055 360 1123 Missa
376 1059 478 1135 Pado,
493 1079 552 1122 neo
568 1079 628 1122 oon
645 1071 675 1121 et
685 1077 759 1142 uper
774 1059 917 1122 examine
932 1057 1067 1122 condunt

265 1159 502 1246 corticibusque
517 1162 600 1225 euris
614 1162 789 1244 vitioseque
805 1161 881 1224 ilicis
896 1160 994 1225 alveo.

268 1264 353 1340 Quid
368 1268 601 1331 memorandum
616 1267 703 1352 reque
720 1265 879 1331 Buecheie
895 1268 975 1330 dune
989 1265 1148 1330 tulerunt?

130 1457 135 1467 .
265 1367 414 1437 Bocchus
429 1387 461 1436 et
474 1374 513 1438 ed
529 1375 652 1456 eulpam
667 1393 776 1436 consue
791 1371 898 1435 dedit:
921 1372 970 1435 ille
987 1369 1121 1435 furentes
1223 1377 1290 1436 455

265 1473 440 1544 Centauros
455 1481 516 1543 leto
532 1479 659 1554 domuit,
676 1477 896 1560 Rhoetumque,
912 1475 1118 1560 Pholumque,

268 1581 314 1648 Et
328 1605 438 1669 megno
453 1584 597 1670 Hyleum
614 1582 752 1668 Lapithis
767 1595 886 1645 cratere
901 1583 1075 1645 minantem.
1224 1580 1253 1684 ἱ(

315 1687 347 1750 Ο
361 1688 523 1755 fortunatos
537 1689 676 1768 nimium,
689 1709 744 1752 sue
759 1687 783 1752 si
798 1688 877 1750 bone
892 1683 1002 1763 norint,
1198 1672 1221 1695 '³

268 1794 442 1879 Agricolas,
456 1796 563 1880 quibus
577 1799 654 1881 ipse,
671 1792 777 1880 procul
793 1792 982 1857 discordibus
997 1793 1098 1870 annis,

267 1895 387 1965 Fundit
402 1897 492 1963 humo
503 1900 629 1964 senilem
645 1899 759 1963 vietum
770 1895 937 1983 justissime
952 1897 1062 1960 tellus!
1230 1899 1296 1958 460

268 2001 306 2067 si
321 2023 382 2068 uon
396 2005 549 2090 ingentem
565 2005 681 2069 foribus
692 2005 800 2068 dumus
816 2002 875 2066 ulte
891 2000 1028 2085 superbis

265 2106 365 2172 Mene
380 2109 563 2173 seluteottim
574 2111 644 2174 totis
659 2110 752 2174 vomit
767 2107 882 2171 edibus
898 2106 1022 2181 undum,

269 2211 342 2276 Nee
357 2214 457 2277 varios
471 2214 585 2278 inhient
599 2212 726 2299 pulchri
739 2213 891 2277 testudine
906 2225 1019 2297 postes,

266 2317 440 2402 illusasque
458 2339 532 2383 euro
546 2333 654 2397 vestes,
671 2316 892 2404 Ephyreiaque
909 2336 992 2395 ητις

267 2421 357 2488 Alba
367 2443 468 2507 neque
484 2423 609 2506 Assyrio
624 2423 742 2488 fucetur
757 2423 825 2488 leue
840 2441 970 2499 veneno,

269 2525 344 2592 Neo
360 2526 444 2592 cerii
458 2529 560 2613 liquidi
576 2530 777 2614 corrumpitur
792 2549 864 2592 usus
878 2527 972 2591 olivi:

270 2635 318 2698 Ar
332 2655 440 2698 secure
456 2637 553 2719 quies,
570 2649 600 2699 et
616 2636 719 2700 nesein
736 2631 840 2698 saliere
857 2635 927 2710 vitu,

271 2737 374 2803 Dives
386 2760 479 2824 opum
494 2741 670 2820 verierom3
692 2739 805 2803 stlatis
820 2738 881 2803 otie
896 2737 1007 2815 fundis,

273 2843 450 2929 Speluoee,
461 2845 582 2930 rivique
598 2844 707 2923 leous;
728 2858 759 2908 et
775 2841 883 2928 frigide
898 2841 1032 2929 Tempe,

267 2947 472 3034 Mugitusque
486 2949 591 3025 boum,
607 2949 774 3034 mulierque
791 2949 846 3012 sub
858 2948 966 3012 erbure
982 2951 1089 3026 sumni,

271 3051 350 3120 Nou
366 3055 494 3133 absunt3
516 3053 576 3118 illie
593 3052 738 3117 saltuoso
754 3054 844 3116 lustru
861 3051 1005 3130 serarum,

271 3155 321 3224 Et
334 3160 452 3244 petiens
466 3179 592 3245 operum
609 3159 783 3242 exiguoque
799 3169 917 3220 usmete
928 3156 1081 3242 juventus,

271 3265 374 3330 Seern
389 3263 493 3341 detim,
509 3265 666 3349 sanctique
682 3277 783 3349 putres
796 3283 805 3323 t
828 3275 965 3326 extreme
981 3260 1118 3346 perillus

268 3370 397 3435 Justitiu
412 3369 567 3435 excedens
581 3371 670 3435 terris
684 3369 810 3453 vestigio
826 3366 908 3432 [ecit.

320 3473 378 3538 Me
392 3475 466 3540 verd
480 3476 611 3561 primirm
627 3474 734 3540 dulces
750 3489 819 3539 ente
834 3474 934 3537 omniu
950 3472 1060 3552 Museo,

270 3579 420 3656 Quorum
435 3602 522 3646 seete
537 3581 604 3646 sero
618 3581 730 3664 ingenti
746 3599 908 3665 percussus
923 3599 1039 3657 amore,

268 3685 443 3769 Accipient
452 3707 465 3767 ς
485 3685 616 3770 coelique
630 3686 695 3749 vies
710 3699 742 3748 et
756 3683 855 3747 sidere
871 3697 1047 3763 monstrent,

270 3787 434 3855 Deiectus
447 3789 520 3864 solis
533 3791 642 3868 venue,
658 3789 797 3873 luneque
811 3789 931 3852 labores
944 3811 954 3868 3

266 3893 375 3960 Unde
388 3907 501 3959 tremor
513 3897 622 3974 terris;
644 3893 705 3984 qui
719 3897 747 3959 ri
762 3897 858 3959 merie
873 3894 932 3958 ulte
947 3908 1118 3958 tumescent

262 4000 442 4088 Objierirus
455 4000 740 4086 ruptis,·rursusque
752 4000 782 4064 in
799 4019 831 4064 se
847 3999 913 4083 ipse
929 3997 1084 4079 resident3

264 4105 368 4184 Quid
385 4104 498 4168 tuntum
511 4126 630 4171 ooeeuo
643 4117 809 4190 properent
824 4123 858 4167 se
872 4103 989 4186 tingere
1004 4102 1083 4170 soles

263 4209 427 4286 Hiberoi,
441 4209 490 4272 vel
504 4229 568 4294 que
583 4209 677 4279 turdis
691 4229 778 4274 more
792 4207 929 4272 noctibus
942 4207 1052 4274 obstet.
