<?xml version="1.0" encoding="UTF-8"?>
<!DOCTYPE html PUBLIC "-//W3C//DTD XHTML 1.0 Transitional//EN"
    "http://www.w3.org/TR/xhtml1/DTD/xhtml1-transitional.dtd">
<html xmlns="http://www.w3.org/1999/xhtml" xml:lang="en" lang="en">
 <head>
  <title>
</title>
<meta http-equiv="Content-Type" content="text/html;charset=utf-8" />
  <meta name='ocr-system' content='tesseract 3.04.00' />
  <meta name='ocr-capabilities' content='ocr_page ocr_carea ocr_par ocr_line ocrx_word'/>
</head>
<body>
  <div class='ocr_page' id='page_1' title='image "./bucolicageorgic01goulgoog/bucolicageorgic01goulgoog_0376.png"; bbox 0 0 2936 5122; ppageno 0'>
   <div class='ocr_carea' id='block_1_1' title="bbox 147 449 783 512">
    <p class='ocr_par' dir='ltr' id='par_1_1' title="bbox 147 449 783 512">
     <span class='ocr_line' id='line_1_1' title="bbox 147 449 783 512; baseline 0 -2"><span class='ocrx_word' id='word_1_1' title='bbox 147 449 209 510; x_wconf 73' lang='grc'>318</span> <span class='ocrx_word' id='word_1_2' title='bbox 593 449 783 512; x_wconf 70' lang='lat' dir='ltr'>minos</span> 
     </span>
    </p>
   </div>
   <div class='ocr_carea' id='block_1_2' title="bbox 102 603 1230 4188">
    <p class='ocr_par' dir='ltr' id='par_1_2' title="bbox 189 603 1230 2338">
     <span class='ocr_line' id='line_1_2' title="bbox 190 603 1026 692; baseline 0.01 -24"><span class='ocrx_word' id='word_1_3' title='bbox 190 605 237 668; x_wconf 88' lang='lat' dir='ltr'>Hi</span> <span class='ocrx_word' id='word_1_4' title='bbox 253 604 384 692; x_wconf 84' lang='lat' dir='ltr'>lugiunt,</span> <span class='ocrx_word' id='word_1_5' title='bbox 395 603 579 690; x_wconf 78' lang='lat' dir='ltr'>peritiaeque</span> <span class='ocrx_word' id='word_1_6' title='bbox 593 603 675 672; x_wconf 85' lang='lat' dir='ltr'>datis</span> <span class='ocrx_word' id='word_1_7' title='bbox 690 607 866 674; x_wconf 76' lang='lat' dir='ltr'>referuntur</span> <span class='ocrx_word' id='word_1_8' title='bbox 880 607 1026 676; x_wconf 85' lang='lat' dir='ltr'>babenis.</span> 
     </span>
     <span class='ocr_line' id='line_1_3' title="bbox 189 705 967 796; baseline 0.009 -26"><span class='ocrx_word' id='word_1_9' title='bbox 189 705 300 786; x_wconf 84' lang='lat' dir='ltr'>Qualis</span> <span class='ocrx_word' id='word_1_10' title='bbox 314 707 368 770; x_wconf 90' lang='lat' dir='ltr'>ubi</span> <span class='ocrx_word' id='word_1_11' title='bbox 384 705 503 773; x_wconf 87' lang='lat' dir='ltr'>alterno</span> <span class='ocrx_word' id='word_1_12' title='bbox 517 725 705 791; x_wconf 79' lang='lat' dir='ltr'>procurrens</span> <span class='ocrx_word' id='word_1_13' title='bbox 719 711 840 796; x_wconf 85' lang='lat' dir='ltr'>gurgite</span> <span class='ocrx_word' id='word_1_14' title='bbox 854 721 967 796; x_wconf 89' lang='lat' dir='ltr'>pontus</span> 
     </span>
     <span class='ocr_line' id='line_1_4' title="bbox 192 807 1230 898; baseline 0.007 -24"><span class='ocrx_word' id='word_1_15' title='bbox 192 807 222 874; x_wconf 91' lang='lat' dir='ltr'><strong>N</strong></span> <span class='ocrx_word' id='word_1_16' title='bbox 224 831 287 872; x_wconf 88' lang='lat' dir='ltr'>unc</span> <span class='ocrx_word' id='word_1_17' title='bbox 298 809 359 874; x_wconf 91' lang='lat' dir='ltr'>ruit</span> <span class='ocrx_word' id='word_1_18' title='bbox 373 807 413 872; x_wconf 88' lang='lat' dir='ltr'>ad</span> <span class='ocrx_word' id='word_1_19' title='bbox 430 821 540 889; x_wconf 87' lang='lat' dir='ltr'>terras,</span> <span class='ocrx_word' id='word_1_20' title='bbox 553 807 761 895; x_wconf 90' lang='lat' dir='ltr'>scopulosque</span> <span class='ocrx_word' id='word_1_21' title='bbox 775 811 945 898; x_wconf 69' lang='lat' dir='ltr'>superiacit</span> <span class='ocrx_word' id='word_1_22' title='bbox 959 811 1090 878; x_wconf 83' lang='lat' dir='ltr'>undam·</span> <span class='ocrx_word' id='word_1_23' title='bbox 1157 820 1230 880; x_wconf 65' lang='lat' dir='ltr'>‚ors</span> 
     </span>
     <span class='ocr_line' id='line_1_5' title="bbox 193 911 1017 996; baseline 0.006 -23"><span class='ocrx_word' id='word_1_24' title='bbox 193 912 353 994; x_wconf 78' lang='lat' dir='ltr'>Spumeus,</span> <span class='ocrx_word' id='word_1_25' title='bbox 367 923 602 993; x_wconf 82' lang='lat' dir='ltr'>extremamque</span> <span class='ocrx_word' id='word_1_26' title='bbox 617 913 685 976; x_wconf 88' lang='lat' dir='ltr'>sinu</span> <span class='ocrx_word' id='word_1_27' title='bbox 699 911 857 996; x_wconf 85' lang='lat' dir='ltr'>perfundit</span> <span class='ocrx_word' id='word_1_28' title='bbox 872 933 1017 978; x_wconf 87' lang='lat' dir='ltr'>arenam:</span> 
     </span>
     <span class='ocr_line' id='line_1_6' title="bbox 192 1011 1070 1098; baseline 0.007 -20"><span class='ocrx_word' id='word_1_29' title='bbox 192 1013 282 1078; x_wconf 90' lang='lat' dir='ltr'>Nunc</span> <span class='ocrx_word' id='word_1_30' title='bbox 296 1011 425 1098; x_wconf 87' lang='lat' dir='ltr'>rapidus</span> <span class='ocrx_word' id='word_1_31' title='bbox 434 1016 535 1094; x_wconf 83' lang='lat' dir='ltr'>retro,</span> <span class='ocrx_word' id='word_1_32' title='bbox 548 1025 642 1096; x_wconf 88' lang='lat' dir='ltr'>atque</span> <span class='ocrx_word' id='word_1_33' title='bbox 655 1014 890 1080; x_wconf 68' lang='lat' dir='ltr'>aestu&#39;revoluta</span> <span class='ocrx_word' id='word_1_34' title='bbox 903 1017 1070 1084; x_wconf 80' lang='lat' dir='ltr'>resorbens</span> 
     </span>
     <span class='ocr_line' id='line_1_7' title="bbox 192 1115 959 1206; baseline 0.005 -24"><span class='ocrx_word' id='word_1_35' title='bbox 192 1118 286 1196; x_wconf 86' lang='lat' dir='ltr'>Saxa,</span> <span class='ocrx_word' id='word_1_36' title='bbox 301 1117 387 1202; x_wconf 84' lang='lat' dir='ltr'>sugit,</span> <span class='ocrx_word' id='word_1_37' title='bbox 401 1115 546 1202; x_wconf 79' lang='lat' dir='ltr'>littusque</span> <span class='ocrx_word' id='word_1_38' title='bbox 561 1117 645 1182; x_wconf 85' lang='lat' dir='ltr'>vado</span> <span class='ocrx_word' id='word_1_39' title='bbox 659 1117 785 1186; x_wconf 86' lang='lat' dir='ltr'>labente</span> <span class='ocrx_word' id='word_1_40' title='bbox 800 1119 959 1206; x_wconf 86' lang='lat' dir='ltr'>relinquit.</span> 
     </span>
     <span class='ocr_line' id='line_1_8' title="bbox 192 1217 943 1306; baseline 0.008 -24"><span class='ocrx_word' id='word_1_41' title='bbox 192 1219 247 1282; x_wconf 90' lang='lat' dir='ltr'>Bis</span> <span class='ocrx_word' id='word_1_42' title='bbox 261 1219 358 1282; x_wconf 88' lang='lat' dir='ltr'>Tusci</span> <span class='ocrx_word' id='word_1_43' title='bbox 375 1217 505 1288; x_wconf 84' lang='lat' dir='ltr'>Rutulos</span> <span class='ocrx_word' id='word_1_44' title='bbox 520 1218 615 1306; x_wconf 66' lang='lat' dir='ltr'>egere</span> <span class='ocrx_word' id='word_1_45' title='bbox 630 1219 670 1285; x_wconf 89' lang='lat' dir='ltr'>ad</span> <span class='ocrx_word' id='word_1_46' title='bbox 686 1226 802 1288; x_wconf 81' lang='lat' dir='ltr'>moerua</span> <span class='ocrx_word' id='word_1_47' title='bbox 815 1245 943 1305; x_wconf 79' lang='lat' dir='ltr'>versos3</span> 
     </span>
     <span class='ocr_line' id='line_1_9' title="bbox 193 1322 933 1412; baseline 0.004 -24"><span class='ocrx_word' id='word_1_48' title='bbox 193 1323 246 1388; x_wconf 91' lang='lat' dir='ltr'>Bis</span> <span class='ocrx_word' id='word_1_49' title='bbox 260 1322 368 1410; x_wconf 90' lang='lat' dir='ltr'>rejecti</span> <span class='ocrx_word' id='word_1_50' title='bbox 383 1325 478 1390; x_wconf 86' lang='lat' dir='ltr'>armis</span> <span class='ocrx_word' id='word_1_51' title='bbox 492 1335 668 1408; x_wconf 86' lang='lat' dir='ltr'>respectant</span> <span class='ocrx_word' id='word_1_52' title='bbox 683 1337 769 1410; x_wconf 85' lang='lat' dir='ltr'>terga</span> <span class='ocrx_word' id='word_1_53' title='bbox 784 1339 933 1412; x_wconf 86' lang='lat' dir='ltr'>tegentes.</span> 
     </span>
     <span class='ocr_line' id='line_1_10' title="bbox 191 1423 1001 1514; baseline 0.009 -27"><span class='ocrx_word' id='word_1_54' title='bbox 191 1423 300 1490; x_wconf 88' lang='lat' dir='ltr'>Tertia</span> <span class='ocrx_word' id='word_1_55' title='bbox 315 1423 370 1489; x_wconf 92' lang='lat' dir='ltr'>sed</span> <span class='ocrx_word' id='word_1_56' title='bbox 385 1437 549 1510; x_wconf 87' lang='lat' dir='ltr'>postquam</span> <span class='ocrx_word' id='word_1_57' title='bbox 563 1431 722 1514; x_wconf 87' lang='lat' dir='ltr'>congressi</span> <span class='ocrx_word' id='word_1_58' title='bbox 736 1430 768 1492; x_wconf 87' lang='lat' dir='ltr'>in</span> <span class='ocrx_word' id='word_1_59' title='bbox 783 1427 906 1514; x_wconf 87' lang='lat' dir='ltr'>proelia,</span> <span class='ocrx_word' id='word_1_60' title='bbox 920 1441 1001 1494; x_wconf 84' lang='lat' dir='ltr'>totas</span> 
     </span>
     <span class='ocr_line' id='line_1_11' title="bbox 192 1527 979 1617; baseline 0.005 -24"><span class='ocrx_word' id='word_1_61' title='bbox 192 1527 379 1615; x_wconf 77' lang='lat' dir='ltr'>Implicusre</span> <span class='ocrx_word' id='word_1_62' title='bbox 393 1531 474 1594; x_wconf 88' lang='lat' dir='ltr'>inter</span> <span class='ocrx_word' id='word_1_63' title='bbox 488 1549 523 1594; x_wconf 87' lang='lat' dir='ltr'>se</span> <span class='ocrx_word' id='word_1_64' title='bbox 537 1529 632 1609; x_wconf 86' lang='lat' dir='ltr'>acies,</span> <span class='ocrx_word' id='word_1_65' title='bbox 648 1527 783 1617; x_wconf 86' lang='lat' dir='ltr'>legitque</span> <span class='ocrx_word' id='word_1_66' title='bbox 796 1532 898 1596; x_wconf 81' lang='lat' dir='ltr'>virum</span> <span class='ocrx_word' id='word_1_67' title='bbox 912 1533 979 1600; x_wconf 88' lang='lat' dir='ltr'>vir:</span> 
     </span>
     <span class='ocr_line' id='line_1_12' title="bbox 191 1631 1098 1721; baseline 0.006 -25"><span class='ocrx_word' id='word_1_68' title='bbox 191 1633 273 1698; x_wconf 90' lang='lat' dir='ltr'>Tum</span> <span class='ocrx_word' id='word_1_69' title='bbox 287 1631 363 1698; x_wconf 77' lang='lat' dir='ltr'>verb</span> <span class='ocrx_word' id='word_1_70' title='bbox 377 1649 408 1698; x_wconf 92' lang='lat' dir='ltr'>et</span> <span class='ocrx_word' id='word_1_71' title='bbox 420 1635 553 1718; x_wconf 80' lang='lat' dir='ltr'>gemitus</span> <span class='ocrx_word' id='word_1_72' title='bbox 566 1633 761 1714; x_wconf 83' lang='lat' dir='ltr'>morientitm,</span> <span class='ocrx_word' id='word_1_73' title='bbox 777 1647 809 1700; x_wconf 92' lang='lat' dir='ltr'>et</span> <span class='ocrx_word' id='word_1_74' title='bbox 822 1635 972 1721; x_wconf 86' lang='lat' dir='ltr'>sanguiue</span> <span class='ocrx_word' id='word_1_75' title='bbox 987 1638 1019 1700; x_wconf 90' lang='lat' dir='ltr'>in</span> <span class='ocrx_word' id='word_1_76' title='bbox 1034 1635 1098 1702; x_wconf 85' lang='lat' dir='ltr'>alto</span> 
     </span>
     <span class='ocr_line' id='line_1_13' title="bbox 190 1737 1043 1822; baseline 0.005 -22"><span class='ocrx_word' id='word_1_77' title='bbox 190 1739 358 1822; x_wconf 78' lang='lat' dir='ltr'>Armaque,</span> <span class='ocrx_word' id='word_1_78' title='bbox 372 1757 578 1822; x_wconf 87' lang='lat' dir='ltr'>corporaque,</span> <span class='ocrx_word' id='word_1_79' title='bbox 593 1750 623 1802; x_wconf 92' lang='lat' dir='ltr'>et</span> <span class='ocrx_word' id='word_1_80' title='bbox 638 1740 785 1822; x_wconf 83' lang='lat' dir='ltr'>permixti</span> <span class='ocrx_word' id='word_1_81' title='bbox 800 1737 889 1804; x_wconf 77' lang='lat' dir='ltr'>eaede</span> <span class='ocrx_word' id='word_1_82' title='bbox 904 1741 1043 1804; x_wconf 88' lang='lat' dir='ltr'>virorum</span> 
     </span>
     <span class='ocr_line' id='line_1_14' title="bbox 191 1835 1145 1926; baseline 0.002 -23"><span class='ocrx_word' id='word_1_83' title='bbox 191 1839 393 1904; x_wconf 81' lang='lat' dir='ltr'>Semianimes</span> <span class='ocrx_word' id='word_1_84' title='bbox 407 1835 571 1903; x_wconf 84' lang='lat' dir='ltr'>volvuntur</span> <span class='ocrx_word' id='word_1_85' title='bbox 586 1841 676 1924; x_wconf 86' lang='lat' dir='ltr'>equi;</span> <span class='ocrx_word' id='word_1_86' title='bbox 697 1859 800 1925; x_wconf 83' lang='lat' dir='ltr'>pugna</span> <span class='ocrx_word' id='word_1_87' title='bbox 816 1859 927 1926; x_wconf 85' lang='lat' dir='ltr'>aspera</span> <span class='ocrx_word' id='word_1_88' title='bbox 942 1843 1050 1926; x_wconf 85' lang='lat' dir='ltr'>surgit.</span> <span class='ocrx_word' id='word_1_89' title='bbox 1139 1835 1145 1851; x_wconf 73' lang='lat'><strong>⁹</strong></span> 
     </span>
     <span class='ocr_line' id='line_1_15' title="bbox 191 1939 1057 2028; baseline 0.001 -21"><span class='ocrx_word' id='word_1_90' title='bbox 191 1941 373 2008; x_wconf 86' lang='lat' dir='ltr'>Orsilochus</span> <span class='ocrx_word' id='word_1_91' title='bbox 389 1939 523 2021; x_wconf 81' lang='lat' dir='ltr'>Remuli,</span> <span class='ocrx_word' id='word_1_92' title='bbox 537 1941 663 2027; x_wconf 88' lang='lat' dir='ltr'>quando</span> <span class='ocrx_word' id='word_1_93' title='bbox 679 1942 778 2028; x_wconf 87' lang='lat' dir='ltr'>ipsum</span> <span class='ocrx_word' id='word_1_94' title='bbox 794 1942 944 2010; x_wconf 82' lang='lat' dir='ltr'>horrebat</span> <span class='ocrx_word' id='word_1_95' title='bbox 957 1942 1057 2024; x_wconf 80' lang='lat' dir='ltr'>adire,</span> 
     </span>
     <span class='ocr_line' id='line_1_16' title="bbox 191 2044 1163 2132; baseline -0.001 -21"><span class='ocrx_word' id='word_1_96' title='bbox 191 2047 325 2111; x_wconf 84' lang='lat' dir='ltr'>Hostem</span> <span class='ocrx_word' id='word_1_97' title='bbox 340 2045 460 2110; x_wconf 88' lang='lat' dir='ltr'>intorsit</span> <span class='ocrx_word' id='word_1_98' title='bbox 473 2063 566 2128; x_wconf 89' lang='lat' dir='ltr'>equo,</span> <span class='ocrx_word' id='word_1_99' title='bbox 579 2044 757 2132; x_wconf 83' lang='lat' dir='ltr'>ferrumque</span> <span class='ocrx_word' id='word_1_100' title='bbox 772 2047 831 2112; x_wconf 91' lang='lat' dir='ltr'>sub</span> <span class='ocrx_word' id='word_1_101' title='bbox 845 2067 921 2112; x_wconf 88' lang='lat' dir='ltr'>oure</span> <span class='ocrx_word' id='word_1_102' title='bbox 935 2045 1077 2132; x_wconf 82' lang='lat' dir='ltr'>reliquit3</span> <span class='ocrx_word' id='word_1_103' title='bbox 1159 2091 1163 2096; x_wconf 91' lang='lat'>-</span> 
     </span>
     <span class='ocr_line' id='line_1_17' title="bbox 190 2145 964 2236; baseline -0.003 -22"><span class='ocrx_word' id='word_1_104' title='bbox 190 2151 261 2234; x_wconf 84' lang='lat' dir='ltr'>Quo</span> <span class='ocrx_word' id='word_1_105' title='bbox 275 2151 399 2234; x_wconf 90' lang='lat' dir='ltr'>sonipes</span> <span class='ocrx_word' id='word_1_106' title='bbox 413 2149 477 2212; x_wconf 89' lang='lat' dir='ltr'>ictu</span> <span class='ocrx_word' id='word_1_107' title='bbox 491 2145 565 2212; x_wconf 87' lang='lat' dir='ltr'>iurit</span> <span class='ocrx_word' id='word_1_108' title='bbox 579 2145 704 2228; x_wconf 86' lang='lat' dir='ltr'>arduus,</span> <span class='ocrx_word' id='word_1_109' title='bbox 719 2147 843 2232; x_wconf 88' lang='lat' dir='ltr'>altaque</span> <span class='ocrx_word' id='word_1_110' title='bbox 855 2149 964 2236; x_wconf 78' lang='lat' dir='ltr'>jactat,</span> 
     </span>
     <span class='ocr_line' id='line_1_18' title="bbox 189 2252 943 2338; baseline -0.007 -20"><span class='ocrx_word' id='word_1_111' title='bbox 189 2253 338 2318; x_wconf 86' lang='lat' dir='ltr'>Vulneris</span> <span class='ocrx_word' id='word_1_112' title='bbox 352 2252 527 2336; x_wconf 81' lang='lat' dir='ltr'>impatiens,</span> <span class='ocrx_word' id='word_1_113' title='bbox 542 2264 665 2316; x_wconf 87' lang='lat' dir='ltr'>arrecto</span> <span class='ocrx_word' id='word_1_114' title='bbox 677 2263 816 2338; x_wconf 87' lang='lat' dir='ltr'>pectore,</span> <span class='ocrx_word' id='word_1_115' title='bbox 831 2271 943 2316; x_wconf 86' lang='lat' dir='ltr'>crura:</span> 
     </span>
    </p>

    <p class='ocr_par' dir='ltr' id='par_1_3' title="bbox 144 2353 969 2434">
     <span class='ocr_line' id='line_1_19' title="bbox 144 2353 969 2434; baseline -0.008 -8"><span class='ocrx_word' id='word_1_116' title='bbox 144 2414 152 2426; x_wconf 84' lang='grc'>.</span> <span class='ocrx_word' id='word_1_117' title='bbox 190 2356 337 2424; x_wconf 84' lang='lat' dir='ltr'>Volvitur</span> <span class='ocrx_word' id='word_1_118' title='bbox 351 2353 403 2418; x_wconf 93' lang='lat' dir='ltr'>ille</span> <span class='ocrx_word' id='word_1_119' title='bbox 419 2372 568 2418; x_wconf 82' lang='lat' dir='ltr'>excussus</span> <span class='ocrx_word' id='word_1_120' title='bbox 583 2353 680 2420; x_wconf 90' lang='lat' dir='ltr'>humi.</span> <span class='ocrx_word' id='word_1_121' title='bbox 724 2353 859 2420; x_wconf 80' lang='lat' dir='ltr'>Catillus</span> <span class='ocrx_word' id='word_1_122' title='bbox 873 2353 969 2434; x_wconf 85' lang='lat' dir='ltr'>Iolao,</span> 
     </span>
    </p>

    <p class='ocr_par' dir='ltr' id='par_1_4' title="bbox 102 2455 1096 3156">
     <span class='ocr_line' id='line_1_20' title="bbox 102 2455 1024 2548; baseline -0.009 -21"><span class='ocrx_word' id='word_1_123' title='bbox 102 2534 105 2542; x_wconf 55' lang='grc'><em>,</em></span> <span class='ocrx_word' id='word_1_124' title='bbox 189 2461 409 2548; x_wconf 88' lang='lat' dir='ltr'>ingentemque</span> <span class='ocrx_word' id='word_1_125' title='bbox 424 2456 542 2536; x_wconf 87' lang='lat' dir='ltr'>animis,</span> <span class='ocrx_word' id='word_1_126' title='bbox 558 2459 712 2542; x_wconf 88' lang='lat' dir='ltr'>ingentem</span> <span class='ocrx_word' id='word_1_127' title='bbox 726 2477 860 2542; x_wconf 89' lang='lat' dir='ltr'>oorpore</span> <span class='ocrx_word' id='word_1_128' title='bbox 876 2469 907 2520; x_wconf 94' lang='lat' dir='ltr'>et</span> <span class='ocrx_word' id='word_1_129' title='bbox 921 2455 1024 2536; x_wconf 85' lang='lat' dir='ltr'>armis,</span> 
     </span>
     <span class='ocr_line' id='line_1_21' title="bbox 188 2556 941 2649; baseline -0.005 -23"><span class='ocrx_word' id='word_1_130' title='bbox 188 2562 307 2649; x_wconf 88' lang='lat' dir='ltr'>Dejicit</span> <span class='ocrx_word' id='word_1_131' title='bbox 321 2557 517 2626; x_wconf 89' lang='lat' dir='ltr'>Herminium</span> <span class='ocrx_word' id='word_1_132' title='bbox 528 2583 546 2637; x_wconf 70' lang='lat'>3,</span> <span class='ocrx_word' id='word_1_133' title='bbox 558 2557 642 2622; x_wconf 92' lang='lat' dir='ltr'>nudo</span> <span class='ocrx_word' id='word_1_134' title='bbox 655 2558 707 2624; x_wconf 90' lang='lat' dir='ltr'>cui</span> <span class='ocrx_word' id='word_1_135' title='bbox 721 2561 841 2623; x_wconf 86' lang='lat' dir='ltr'>vertice</span> <span class='ocrx_word' id='word_1_136' title='bbox 855 2556 941 2622; x_wconf 87' lang='lat' dir='ltr'>solva</span> 
     </span>
     <span class='ocr_line' id='line_1_22' title="bbox 187 2657 1026 2742; baseline -0.005 -14"><span class='ocrx_word' id='word_1_137' title='bbox 187 2663 352 2742; x_wconf 73' lang='lat' dir='ltr'>Caesaries,</span> <span class='ocrx_word' id='word_1_138' title='bbox 366 2658 503 2742; x_wconf 90' lang='lat' dir='ltr'>nudique</span> <span class='ocrx_word' id='word_1_139' title='bbox 518 2657 659 2740; x_wconf 79' lang='lat' dir='ltr'>humeri3</span> <span class='ocrx_word' id='word_1_140' title='bbox 680 2679 739 2724; x_wconf 92' lang='lat' dir='ltr'>nec</span> <span class='ocrx_word' id='word_1_141' title='bbox 754 2658 884 2724; x_wconf 85' lang='lat' dir='ltr'>vulnera</span> <span class='ocrx_word' id='word_1_142' title='bbox 899 2671 1026 2742; x_wconf 86' lang='lat' dir='ltr'>terrent,</span> 
     </span>
     <span class='ocr_line' id='line_1_23' title="bbox 187 2762 1089 2848; baseline -0.007 -16"><span class='ocrx_word' id='word_1_143' title='bbox 187 2767 307 2834; x_wconf 78' lang='lat' dir='ltr'>&#39;fautus</span> <span class='ocrx_word' id='word_1_144' title='bbox 321 2765 352 2830; x_wconf 91' lang='lat' dir='ltr'>io</span> <span class='ocrx_word' id='word_1_145' title='bbox 367 2783 455 2828; x_wconf 84' lang='lat' dir='ltr'>arma</span> <span class='ocrx_word' id='word_1_146' title='bbox 468 2774 564 2846; x_wconf 88' lang='lat' dir='ltr'>patet.</span> <span class='ocrx_word' id='word_1_147' title='bbox 609 2763 706 2828; x_wconf 90' lang='lat' dir='ltr'>Latos</span> <span class='ocrx_word' id='word_1_148' title='bbox 720 2762 794 2828; x_wconf 92' lang='lat' dir='ltr'>huic</span> <span class='ocrx_word' id='word_1_149' title='bbox 809 2762 900 2828; x_wconf 85' lang='lat' dir='ltr'>basta</span> <span class='ocrx_word' id='word_1_150' title='bbox 913 2783 971 2848; x_wconf 89' lang='lat' dir='ltr'>per</span> <span class='ocrx_word' id='word_1_151' title='bbox 985 2781 1089 2828; x_wconf 82' lang='lat' dir='ltr'>armos</span> 
     </span>
     <span class='ocr_line' id='line_1_24' title="bbox 187 2863 1026 2951; baseline -0.008 -15"><span class='ocrx_word' id='word_1_152' title='bbox 187 2871 268 2936; x_wconf 77' lang='lat' dir='ltr'>Acta</span> <span class='ocrx_word' id='word_1_153' title='bbox 283 2868 395 2945; x_wconf 80' lang='lat' dir='ltr'>tremit,</span> <span class='ocrx_word' id='word_1_154' title='bbox 409 2863 613 2951; x_wconf 86' lang='lat' dir='ltr'>duplicatque</span> <span class='ocrx_word' id='word_1_155' title='bbox 627 2869 727 2932; x_wconf 70' lang='lat' dir='ltr'>vuum</span> <span class='ocrx_word' id='word_1_156' title='bbox 742 2865 892 2932; x_wconf 84' lang='lat' dir='ltr'>transfixa</span> <span class='ocrx_word' id='word_1_157' title='bbox 906 2864 1026 2930; x_wconf 84' lang='lat' dir='ltr'>dolore.</span> 
     </span>
     <span class='ocr_line' id='line_1_25' title="bbox 185 2967 997 3052; baseline -0.006 -15"><span class='ocrx_word' id='word_1_158' title='bbox 185 2969 339 3038; x_wconf 85' lang='lat' dir='ltr'>Funditur</span> <span class='ocrx_word' id='word_1_159' title='bbox 352 2983 420 3034; x_wconf 90' lang='lat' dir='ltr'>ater</span> <span class='ocrx_word' id='word_1_160' title='bbox 434 2967 551 3052; x_wconf 91' lang='lat' dir='ltr'>ubique</span> <span class='ocrx_word' id='word_1_161' title='bbox 566 2987 676 3032; x_wconf 85' lang='lat' dir='ltr'>cruor:</span> <span class='ocrx_word' id='word_1_162' title='bbox 697 2967 775 3032; x_wconf 89' lang='lat' dir='ltr'>dant</span> <span class='ocrx_word' id='word_1_163' title='bbox 788 2969 898 3034; x_wconf 85' lang='lat' dir='ltr'>lunera</span> <span class='ocrx_word' id='word_1_164' title='bbox 912 2969 997 3034; x_wconf 84' lang='lat' dir='ltr'>ferro</span> 
     </span>
     <span class='ocr_line' id='line_1_26' title="bbox 186 3067 1096 3156; baseline -0.005 -17"><span class='ocrx_word' id='word_1_165' title='bbox 186 3076 363 3150; x_wconf 83' lang='lat' dir='ltr'>Certantes,</span> <span class='ocrx_word' id='word_1_166' title='bbox 376 3067 603 3156; x_wconf 81' lang='lat' dir='ltr'>pulchramque</span> <span class='ocrx_word' id='word_1_167' title='bbox 617 3082 724 3155; x_wconf 88' lang='lat' dir='ltr'>petunt</span> <span class='ocrx_word' id='word_1_168' title='bbox 737 3089 795 3156; x_wconf 89' lang='lat' dir='ltr'>per</span> <span class='ocrx_word' id='word_1_169' title='bbox 809 3069 938 3136; x_wconf 80' lang='lat' dir='ltr'>volnera</span> <span class='ocrx_word' id='word_1_170' title='bbox 953 3081 1096 3136; x_wconf 82' lang='lat' dir='ltr'>mortem.</span> 
     </span>
    </p>

    <p class='ocr_par' dir='ltr' id='par_1_5' title="bbox 186 3171 1017 3466">
     <span class='ocr_line' id='line_1_27' title="bbox 229 3171 930 3253; baseline -0.001 -14"><span class='ocrx_word' id='word_1_171' title='bbox 229 3178 271 3239; x_wconf 79' lang='lat' dir='ltr'>At</span> <span class='ocrx_word' id='word_1_172' title='bbox 284 3173 404 3238; x_wconf 91' lang='lat' dir='ltr'>medias</span> <span class='ocrx_word' id='word_1_173' title='bbox 419 3171 615 3236; x_wconf 77' lang='lat' dir='ltr'>intercades</span> <span class='ocrx_word' id='word_1_174' title='bbox 630 3171 765 3238; x_wconf 86' lang='lat' dir='ltr'>exsultet</span> <span class='ocrx_word' id='word_1_175' title='bbox 780 3176 930 3253; x_wconf 80' lang='lat' dir='ltr'>Amazon,</span> 
     </span>
     <span class='ocr_line' id='line_1_28' title="bbox 188 3275 1017 3362; baseline -0.005 -18"><span class='ocrx_word' id='word_1_176' title='bbox 188 3277 292 3344; x_wconf 89' lang='lat' dir='ltr'>Unum</span> <span class='ocrx_word' id='word_1_177' title='bbox 306 3287 429 3342; x_wconf 86' lang='lat' dir='ltr'>exserta</span> <span class='ocrx_word' id='word_1_178' title='bbox 445 3275 524 3342; x_wconf 88' lang='lat' dir='ltr'>latus</span> <span class='ocrx_word' id='word_1_179' title='bbox 538 3297 659 3362; x_wconf 84' lang='lat' dir='ltr'>pugnae,</span> <span class='ocrx_word' id='word_1_180' title='bbox 673 3275 856 3362; x_wconf 86' lang='lat' dir='ltr'>pharetrata</span> <span class='ocrx_word' id='word_1_181' title='bbox 869 3275 1017 3342; x_wconf 88' lang='lat' dir='ltr'>Camilla.</span> 
     </span>
     <span class='ocr_line' id='line_1_29' title="bbox 186 3377 965 3466; baseline -0.009 -15"><span class='ocrx_word' id='word_1_182' title='bbox 186 3381 227 3451; x_wconf 82' lang='lat' dir='ltr'>Et</span> <span class='ocrx_word' id='word_1_183' title='bbox 241 3402 321 3446; x_wconf 89' lang='lat' dir='ltr'>nunc</span> <span class='ocrx_word' id='word_1_184' title='bbox 336 3379 419 3444; x_wconf 88' lang='lat' dir='ltr'>lenta</span> <span class='ocrx_word' id='word_1_185' title='bbox 434 3400 525 3444; x_wconf 88' lang='lat' dir='ltr'>manu</span> <span class='ocrx_word' id='word_1_186' title='bbox 540 3399 690 3466; x_wconf 87' lang='lat' dir='ltr'>spargens</span> <span class='ocrx_word' id='word_1_187' title='bbox 705 3378 831 3444; x_wconf 86' lang='lat' dir='ltr'>hastilia</span> <span class='ocrx_word' id='word_1_188' title='bbox 845 3377 965 3460; x_wconf 88' lang='lat' dir='ltr'>denset,</span> 
     </span>
    </p>

    <p class='ocr_par' dir='ltr' id='par_1_6' title="bbox 183 3479 1016 3878">
     <span class='ocr_line' id='line_1_30' title="bbox 184 3479 1016 3568; baseline -0.002 -21"><span class='ocrx_word' id='word_1_189' title='bbox 184 3483 215 3547; x_wconf 92' lang='lat' dir='ltr'>N</span> <span class='ocrx_word' id='word_1_190' title='bbox 218 3505 276 3548; x_wconf 91' lang='lat' dir='ltr'>unc</span> <span class='ocrx_word' id='word_1_191' title='bbox 292 3481 429 3546; x_wconf 84' lang='lat' dir='ltr'>validam</span> <span class='ocrx_word' id='word_1_192' title='bbox 443 3479 555 3546; x_wconf 69' lang='lat' dir='ltr'>dextri</span> <span class='ocrx_word' id='word_1_193' title='bbox 569 3481 652 3566; x_wconf 82' lang='lat' dir='ltr'>repit</span> <span class='ocrx_word' id='word_1_194' title='bbox 666 3479 823 3548; x_wconf 82' lang='lat' dir='ltr'>indefessa</span> <span class='ocrx_word' id='word_1_195' title='bbox 837 3481 1016 3568; x_wconf 89' lang='lat' dir='ltr'>bipennem.</span> 
     </span>
     <span class='ocr_line' id='line_1_31' title="bbox 183 3584 1013 3664; baseline -0.005 -10"><span class='ocrx_word' id='word_1_196' title='bbox 183 3591 306 3654; x_wconf 85' lang='lat' dir='ltr'>Aureus</span> <span class='ocrx_word' id='word_1_197' title='bbox 324 3607 363 3649; x_wconf 89' lang='lat' dir='ltr'>ex</span> <span class='ocrx_word' id='word_1_198' title='bbox 379 3584 507 3650; x_wconf 88' lang='lat' dir='ltr'>humero</span> <span class='ocrx_word' id='word_1_199' title='bbox 521 3597 612 3649; x_wconf 89' lang='lat' dir='ltr'>sonat</span> <span class='ocrx_word' id='word_1_200' title='bbox 625 3603 727 3664; x_wconf 85' lang='lat' dir='ltr'>arcus,</span> <span class='ocrx_word' id='word_1_201' title='bbox 741 3595 772 3650; x_wconf 85' lang='lat' dir='ltr'>et</span> <span class='ocrx_word' id='word_1_202' title='bbox 787 3605 874 3650; x_wconf 87' lang='lat' dir='ltr'>arma</span> <span class='ocrx_word' id='word_1_203' title='bbox 888 3585 1013 3650; x_wconf 84' lang='lat' dir='ltr'>Dianae.</span> 
     </span>
     <span class='ocr_line' id='line_1_32' title="bbox 185 3678 980 3774; baseline -0.003 -20"><span class='ocrx_word' id='word_1_204' title='bbox 185 3688 241 3755; x_wconf 91' lang='lat' dir='ltr'>llla</span> <span class='ocrx_word' id='word_1_205' title='bbox 255 3690 358 3770; x_wconf 87' lang='lat' dir='ltr'>etiam,</span> <span class='ocrx_word' id='word_1_206' title='bbox 373 3691 399 3752; x_wconf 90' lang='lat' dir='ltr'>si</span> <span class='ocrx_word' id='word_1_207' title='bbox 414 3687 541 3774; x_wconf 88' lang='lat' dir='ltr'>quando</span> <span class='ocrx_word' id='word_1_208' title='bbox 557 3689 587 3752; x_wconf 94' lang='lat' dir='ltr'>in</span> <span class='ocrx_word' id='word_1_209' title='bbox 602 3678 721 3773; x_wconf 86' lang='lat' dir='ltr'>tergum</span> <span class='ocrx_word' id='word_1_210' title='bbox 736 3686 826 3773; x_wconf 85' lang='lat' dir='ltr'>pulsa</span> <span class='ocrx_word' id='word_1_211' title='bbox 840 3691 980 3768; x_wconf 86' lang='lat' dir='ltr'>recessit,</span> 
     </span>
     <span class='ocr_line' id='line_1_33' title="bbox 186 3787 954 3878; baseline -0.003 -21"><span class='ocrx_word' id='word_1_212' title='bbox 186 3791 313 3878; x_wconf 88' lang='lat' dir='ltr'>Spicula</span> <span class='ocrx_word' id='word_1_213' title='bbox 328 3811 479 3858; x_wconf 89' lang='lat' dir='ltr'>converso</span> <span class='ocrx_word' id='word_1_214' title='bbox 493 3790 643 3878; x_wconf 87' lang='lat' dir='ltr'>fugientia</span> <span class='ocrx_word' id='word_1_215' title='bbox 657 3787 765 3876; x_wconf 85' lang='lat' dir='ltr'>dirigit</span> <span class='ocrx_word' id='word_1_216' title='bbox 778 3811 866 3856; x_wconf 86' lang='lat' dir='ltr'>arou.</span> <span class='ocrx_word' id='word_1_217' title='bbox 949 3853 954 3864; x_wconf 81' lang='grc'><strong>,</strong></span> 
     </span>
    </p>

    <p class='ocr_par' dir='ltr' id='par_1_7' title="bbox 184 3893 1010 4188">
     <span class='ocr_line' id='line_1_34' title="bbox 186 3893 924 3981; baseline -0.005 -19"><span class='ocrx_word' id='word_1_218' title='bbox 186 3900 226 3962; x_wconf 84' lang='lat' dir='ltr'>At</span> <span class='ocrx_word' id='word_1_219' title='bbox 241 3893 359 3960; x_wconf 76' lang='lat' dir='ltr'>circium</span> <span class='ocrx_word' id='word_1_220' title='bbox 374 3894 463 3960; x_wconf 83' lang='lat' dir='ltr'>lectae</span> <span class='ocrx_word' id='word_1_221' title='bbox 479 3895 616 3975; x_wconf 90' lang='lat' dir='ltr'>comites,</span> <span class='ocrx_word' id='word_1_222' title='bbox 630 3893 811 3978; x_wconf 86' lang='lat' dir='ltr'>Larinaque</span> <span class='ocrx_word' id='word_1_223' title='bbox 828 3895 924 3981; x_wconf 83' lang='lat' dir='ltr'>virgo,</span> 
     </span>
     <span class='ocr_line' id='line_1_35' title="bbox 184 3996 1010 4084; baseline -0.002 -22"><span class='ocrx_word' id='word_1_224' title='bbox 184 3997 350 4083; x_wconf 87' lang='lat' dir='ltr'>Tullaque,</span> <span class='ocrx_word' id='word_1_225' title='bbox 365 4009 396 4064; x_wconf 87' lang='lat' dir='ltr'>et</span> <span class='ocrx_word' id='word_1_226' title='bbox 409 4011 539 4064; x_wconf 72' lang='lat' dir='ltr'>aeratam</span> <span class='ocrx_word' id='word_1_227' title='bbox 554 3999 695 4084; x_wconf 86' lang='lat' dir='ltr'>quatiens</span> <span class='ocrx_word' id='word_1_228' title='bbox 710 3996 848 4083; x_wconf 83' lang='lat' dir='ltr'>Tarpeia</span> <span class='ocrx_word' id='word_1_229' title='bbox 863 3996 1010 4078; x_wconf 82' lang='lat' dir='ltr'>securim,</span> 
     </span>
     <span class='ocr_line' id='line_1_36' title="bbox 184 4093 915 4188; baseline 0 -24"><span class='ocrx_word' id='word_1_230' title='bbox 184 4099 329 4182; x_wconf 84' lang='lat' dir='ltr'>italides3</span> <span class='ocrx_word' id='word_1_231' title='bbox 349 4121 426 4183; x_wconf 87' lang='lat' dir='ltr'>quas</span> <span class='ocrx_word' id='word_1_232' title='bbox 441 4103 509 4188; x_wconf 88' lang='lat' dir='ltr'>ipsa</span> <span class='ocrx_word' id='word_1_233' title='bbox 522 4100 619 4168; x_wconf 84' lang='lat' dir='ltr'>decus</span> <span class='ocrx_word' id='word_1_234' title='bbox 634 4101 697 4168; x_wconf 91' lang='lat' dir='ltr'>sibi</span> <span class='ocrx_word' id='word_1_235' title='bbox 711 4099 764 4166; x_wconf 90' lang='lat' dir='ltr'>dia</span> <span class='ocrx_word' id='word_1_236' title='bbox 779 4093 915 4164; x_wconf 80' lang='lat' dir='ltr'>Camilla</span> 
     </span>
    </p>
   </div>
   <div class='ocr_carea' id='block_1_3' title="bbox 0 0 1472 5122">
    <p class='ocr_par' dir='ltr' id='par_1_8' title="bbox 0 0 1472 5122">
     <span class='ocr_line' id='line_1_37' title="bbox 0 0 1472 5122; baseline 0 2"><span class='ocrx_word' id='word_1_237' title='bbox 0 0 1472 5122; x_wconf 95' lang='lat' dir='ltr'> </span> 
     </span>
    </p>
   </div>
  </div>
 </body>
</html>
