2914 5130
198 445 260 506 aas
587 476 589 482 -
648 443 839 507 nummos
913 490 925 524 ,

242 601 444 688 Impositique
458 600 541 686 rogis
551 600 684 687 juvenes
699 613 772 666 ante
786 623 845 666 ora
857 602 1044 687 parentum:

244 707 346 790 Quam
362 703 458 770 multa
473 704 504 768 in
519 703 607 768 silvis
622 704 760 768 autumni
774 705 888 790 frigore
903 708 1005 791 primo

244 806 352 894 Lapsa
365 805 482 875 cadunt
496 805 589 886 solia3
611 819 665 871 aut
679 806 720 872 ad
735 820 848 872 terram
863 809 982 896 gurgite
998 809 1041 873 ab
1056 807 1119 874 alto

243 912 346 995 Quam
361 909 464 976 multae
478 909 689 996 glomerantur
704 931 788 990 aves,
803 911 856 974 ubi
870 911 1002 998 frigidus
1017 935 1115 978 annus

245 1013 349 1079 Trans
363 1025 490 1100 pontum
505 1013 601 1100 lugat,
616 1025 647 1076 et
661 1015 753 1076 terris
767 1012 903 1078 immittit
917 1017 1046 1099 apricis.

246 1119 378 1184 Stabant
392 1129 517 1184 orantes
531 1118 625 1202 primi
640 1119 849 1182 transmittere
863 1139 1000 1200 cursum,

244 1220 495 1306 Tendebantque
510 1240 628 1299 manus,
642 1221 719 1304 ripae
734 1218 890 1284 ulterioris
905 1241 1023 1286 amore.

244 1321 363 1410 Navita
377 1321 434 1411 sed
449 1322 543 1390 tristis
558 1341 640 1388 nunc
656 1320 712 1386 hos
727 1343 808 1386 nunc
824 1323 939 1408 accipit
952 1322 1043 1402 illos;
1220 1332 1282 1390 31⁵

244 1429 302 1491 Ast
317 1426 395 1490 alios
410 1425 501 1512 longe
517 1426 675 1491 submotos
690 1438 778 1488 arcet
792 1424 897 1488 mend.

245 1531 370 1610 AEneas,
385 1530 512 1594 miratus
526 1528 618 1607 enim,
632 1539 793 1614 motusque
809 1527 948 1609 tumultu,

243 1635 315 1714 Dic,
330 1635 382 1713 ait,
396 1656 415 1696 o
431 1632 526 1718 virgo,
541 1629 618 1716 quid
634 1631 697 1696 vult
711 1653 879 1696 concursus
895 1632 936 1696 ad
951 1636 1097 1698 amnem?

243 1738 368 1823 Quidve
384 1749 490 1822 petunt
505 1737 640 1798 animm?
660 1733 711 1798 vel
726 1757 788 1819 quo
803 1735 985 1802 discrimine
1000 1738 1086 1823 ripas

243 1843 307 1910 Hae
324 1841 474 1926 linquunt,
489 1839 550 1904 illae
565 1843 660 1904 remis
677 1838 759 1904 vada
776 1841 871 1906 livida
886 1848 1037 1908 verrunt?
1217 1849 1281 1908 320

242 1945 307 2010 Olli
322 1948 367 2012 sic
382 1945 522 2011 breviter
536 1944 600 2008 lata
616 1955 662 2008 est
677 1941 817 2029 longaeva
831 1943 1000 2010 sacerdos:

243 2045 383 2114 Anchisa
396 2059 554 2134 generate,
569 2045 662 2111 desim
677 2047 851 2112 certissima
865 2048 981 2135 proice,

243 2153 360 2239 Cocyti
375 2164 484 2238 stagna
499 2149 562 2216 alta
577 2149 677 2230 vides,
693 2151 895 2238 Stygiamque
911 2151 1068 2238 paludem,

241 2255 288 2322 Di
301 2256 389 2342 cujus
399 2255 508 2342 jurare
523 2255 632 2321 timent
646 2265 677 2316 et
691 2251 801 2317 fallere
816 2276 940 2318 numen.

242 2358 326 2425 Haec
338 2359 450 2434 omnis,
458 2377 551 2440 quam
563 2357 677 2435 cernis,
688 2357 778 2439 inops
789 2355 1011 2441 inhumataque
1022 2357 1113 2422 turba
1124 2369 1188 2422 est:
1217 2363 1281 2422 ³25

244 2461 378 2525 Portitor
393 2456 455 2537 ille,
471 2457 618 2522 Charon:
642 2455 685 2536 hi,
700 2479 777 2541 quos
793 2457 878 2522 vehit
892 2459 986 2540 unda,
1001 2461 1124 2547 sepulti.

242 2561 310 2627 Nec
326 2563 411 2645 ripas
426 2558 518 2624 datur
534 2557 707 2622 horrendas
722 2572 754 2624 et
768 2580 867 2624 rauca
881 2560 996 2626 fluenta

242 2663 472 2748 Transportare
487 2659 691 2747 priusquam
706 2661 834 2728 sedibus
848 2685 919 2728 ossa
934 2664 1090 2749 quierunt.

242 2767 378 2832 Centum
393 2778 498 2828 errant
513 2785 619 2844 annos,
634 2763 825 2850 volitantque
842 2764 909 2830 haec
926 2765 1030 2832 littora
1043 2771 1181 2849 circum3

241 2871 324 2936 Tum
338 2867 464 2936 demum
479 2865 606 2932 admissi
621 2880 731 2952 stagna
746 2883 893 2954 exoptata
909 2874 1058 2936 revisunt.
1216 2879 1283 2936 830

242 2973 391 3038 Constitit
405 2969 543 3036 Anchisi
558 2983 651 3049 satuS,
666 2983 697 3032 et
711 2971 843 3056 vestigia
857 2976 979 3055 pressit,

135 3115 148 3129 f
242 3075 343 3142 Multa
357 3089 480 3162 putans,
493 3087 670 3159 sortemque
687 3077 791 3140 animo
805 3079 968 3154 miseratus
983 3080 1134 3164 iniquam.

241 3183 353 3248 Cernit
367 3182 411 3246 ibi
426 3193 562 3257 moestos,
576 3195 607 3244 et
621 3183 729 3244 mortis
744 3180 862 3246 honore
876 3196 1028 3264 carentes,

241 3288 442 3372 Leucaspim,
456 3297 487 3350 et
502 3283 613 3370 Lyciae
626 3283 788 3350 ductorem
803 3285 914 3352 classis
928 3288 1088 3370 Orontem,

241 3393 328 3475 Quos
343 3387 432 3455 simul
448 3409 466 3453 a
482 3386 579 3474 Trojsi
593 3401 723 3454 ventosa
737 3411 795 3474 per
809 3411 937 3474 aequora
953 3405 1059 3456 vectos
1214 3399 1281 3458 335

241 3495 356 3561 Obruit
371 3497 494 3572 Auster,
508 3490 590 3576 aqui
605 3490 765 3557 involvens
780 3513 953 3579 navemque
967 3495 1122 3580 virosque.

285 3598 370 3662 Ecce
384 3598 574 3684 gubernator
589 3617 657 3660 sese
673 3596 834 3662 Palinurus
850 3599 973 3684 agebat,

241 3703 305 3785 Qui
321 3702 446 3787 Libyco
461 3721 559 3785 nuper
573 3721 677 3779 cursu,
692 3698 765 3763 dum
780 3699 886 3764 sidera
908 3715 1024 3783 servat,

242 3803 414 3869 Exciderat
429 3804 534 3890 puppi,
548 3803 661 3868 mediis
676 3801 789 3867 effusus
803 3806 835 3866 in
850 3804 952 3870 undis.

243 3907 339 3972 Hunc
358 3907 413 3970 ubi
427 3911 480 3971 vix
496 3904 592 3971 multis
606 3917 747 3970 moestum
762 3908 907 3990 cognovit
921 3907 952 3970 in
967 3907 1088 3988 umbri,
1215 3913 1286 3971 340

243 4009 296 4072 Sic
311 4007 396 4092 prior
411 4005 593 4093 alloquitur:
615 4007 694 4088 Quis
711 4021 749 4086 te,
766 4005 921 4088 Palinure,
935 4008 1065 4076 deorum

244 4111 368 4196 Eripuit
382 4111 481 4192 nobis,
496 4111 662 4196 medioque
677 4113 735 4178 sub
749 4133 875 4200 aequore
890 4112 1017 4178 mersit?
