2978 5124
475 1005 479 1014 ⁹
526 1027 893 1122 AENEIDOS

225 1293 356 1436 fs
490 1303 623 1372 alren
651 1305 920 1375 unnncruus

212 1509 365 1576 Ocrnsuu
380 1517 498 1581 interea
514 1533 643 1603 surgens
655 1521 779 1582 Aurora
793 1517 928 1600 reliquit.

210 1611 335 1696 AEneas,
349 1638 525 1704 quanquam
540 1633 570 1684 et
584 1621 674 1684 sociis
689 1619 767 1684 dare
781 1633 901 1707 tempus
916 1621 1078 1688 humandis

211 1713 410 1802 Praecipitant
424 1743 518 1802 curae,
531 1723 718 1807 turbataque
733 1723 840 1786 funere
854 1743 941 1787 mens
956 1735 1012 1806 est,

211 1815 296 1882 Vota
311 1818 404 1885 detlm
418 1827 518 1908 primo
533 1827 634 1888 vietor
649 1824 790 1888 solvebat
805 1823 885 1888 Eoo.

210 1917 366 2004 Ingentem
383 1944 540 2007 quercum,
555 1925 668 1991 decisis
683 1927 818 2010 undique
834 1928 939 2008 ramis,

210 2021 376 2091 Constituit
391 2028 515 2108 tumulo,
531 2030 740 2116 fulgentiaque
756 2029 854 2094 induit
869 2053 965 2111 arma,
1031 2017 1035 2024 ’

210 2125 348 2194 Mezenti
363 2129 450 2195 ducis
465 2137 604 2213 exuvias,
620 2135 685 2216 tibi,
701 2155 821 2221 magne,
837 2145 997 2218 tropeum,

209 2227 419 2316 Bellipotens:
442 2248 528 2320 aptat
542 2249 682 2300 rorantes
697 2237 844 2323 sanguine
858 2237 977 2317 cristas,

209 2331 350 2418 Telaque
366 2349 475 2402 trunca
489 2339 559 2418 viri,
574 2339 669 2403 ethis
684 2359 740 2402 sex
756 2337 885 2402 thoraca
899 2339 1026 2423 petitum

210 2433 445 2523 Perfossumque
460 2437 536 2502 locis
552 2465 560 2518 ;
582 2439 790 2525 clypeumque
806 2460 846 2503 ex
861 2459 923 2503 aere
937 2437 1068 2505 sinistrae
1200 2449 1239 2507 10

212 2533 361 2623 Subligat,
376 2551 468 2624 atque
484 2561 588 2603 ensem
603 2539 685 2604 collo
700 2539 860 2625 suspendit
875 2539 1037 2605 eburnum.

209 2642 289 2707 Tum
304 2647 415 2725 socios,
430 2666 562 2728 namque
577 2647 675 2711 omnis
690 2667 760 2712 eum
775 2649 890 2734 stipata
904 2647 1029 2733 tegebat

208 2744 318 2809 Turba
332 2745 455 2828 ducum,
470 2747 512 2811 sic
529 2747 680 2834 incipiens
696 2748 837 2813 hortatur
850 2762 995 2814 ovantes:
1057 2801 1061 2808 .

251 2849 391 2913 Maxima
405 2871 456 2914 res
471 2849 591 2931 effecta,
606 2851 686 2915 viri:
708 2855 800 2918 timor
814 2853 913 2916 omnis
928 2852 1046 2934 abesto,

207 2953 298 3036 Quod
315 2970 466 3042 superest.
510 2957 592 3022 Haec
608 2969 677 3022 sunt
691 2955 802 3044 spolia,
816 2971 846 3022 et
861 2955 902 3022 de
916 2979 990 3044 rege
1005 2959 1140 3046 superbo
1199 2967 1237 3023 15

210 3059 353 3124 Primitiae
366 3085 373 3141 3
395 3061 597 3145 manibusque
612 3061 689 3126 meis
704 3061 877 3126 Mezentius
893 3060 944 3125 hic
959 3075 1016 3126 est.

206 3163 297 3230 Nunc
312 3166 370 3230 iter
385 3165 426 3230 ad
441 3188 546 3253 regem
562 3167 651 3231 nobis
665 3187 831 3252 murosque
845 3165 985 3230 Latinos.

205 3271 302 3332 Arma
317 3280 437 3354 parate,
452 3269 561 3333 animis
573 3281 603 3333 et
618 3289 673 3354 spe
687 3269 865 3352 presumite
880 3265 1015 3343 bellum3

195 3367 254 3488 fle
269 3391 332 3455 qua
346 3391 434 3434 mora
449 3371 582 3458 ignaros,
596 3369 650 3434 ubi
664 3366 797 3455 primirm
810 3367 927 3432 vellere
942 3370 1031 3455 signa

205 3471 377 3536 Annuerint
391 3473 496 3557 superi
509 3473 686 3558 pubemque
701 3468 837 3536 educere
848 3471 969 3551 castris,
1195 3477 1237 3534 20

204 3572 366 3660 lmpediat,
381 3593 530 3660 segnesve
546 3586 628 3638 metu
643 3575 796 3638 sententia
810 3571 925 3638 tardet.

204 3676 326 3742 Interea
341 3675 443 3740 socios
457 3675 677 3761 inhumataque
692 3697 826 3762 corpora
840 3690 931 3760 terre

203 3779 410 3860 Mandemus3
432 3783 485 3865 qui
500 3779 583 3844 solus
598 3781 696 3846 honos
707 3781 886 3845 Acheronte
900 3780 959 3845 sub
973 3783 1036 3845 imo
1050 3791 1107 3845 est.

203 3884 258 3964 lte,
273 3883 325 3966 sit,
340 3885 480 3970 egregias
495 3887 624 3965 animas,
638 3906 708 3971 quae
723 3884 870 3969 sanguine
884 3883 973 3949 nobis

202 3987 296 4051 Hanc
310 3987 442 4070 patriam
456 3985 609 4074 peperbre
623 4008 689 4068 suo,
703 3985 851 4051 decorate
865 3985 1015 4071 supremis
1195 3991 1235 4050 2⁵

200 4087 403 4168 Muneribus;
424 4101 627 4172 moestamque
642 4087 782 4158 Evandri
796 4085 913 4173 primus
927 4085 969 4151 ad
983 4085 1093 4152 urbem
1188 4087 1194 4096 “

187 4188 342 4256 ‘Mittatur
357 4187 471 4268 Pallas,
487 4210 579 4274 quem
595 4211 656 4254 non
671 4189 790 4254 virtutis
806 4199 947 4277 egentem
1106 4183 1110 4198 '
