2936 5122
118 464 176 522 366
564 456 754 520 AENElDOS

164 619 250 701 Quos
264 635 398 704 generos
413 629 514 696 vocet,
529 628 581 680 aut
596 637 666 700 quae
678 637 750 682 sese
764 612 808 680 ad
822 615 944 700 ioedera
958 615 1074 682 flectat.

169 723 325 786 Praeterea
339 721 456 808 regina,
470 719 514 784 tui
529 719 689 798 fidissima,
707 719 821 784 dextr-it

168 825 293 892 Occidit
308 829 376 911 ipsa
390 824 456 906 suit,
471 824 634 910 lucemque
651 825 799 888 exterrita
813 823 901 911 sugit.
1141 827 1207 888 660

170 927 235 993 Soli
249 949 306 1013 pro
320 930 419 1013 portis
435 927 598 1012 Messapus
614 940 645 990 et
659 947 735 992 acer
753 929 863 992 Atinas
1169 918 1174 926 ’

169 1031 346 1096 sustentant
361 1032 480 1108 aciem3
501 1029 619 1093 circum
634 1027 691 1092 hos
705 1028 859 1114 utrimque
874 1027 1045 1115 phalanges

171 1135 260 1198 Stant
274 1133 391 1212 densoe,
405 1135 583 1217 strictisque
597 1153 687 1220 seges
701 1130 900 1196 mucronibus
917 1131 1022 1198 horret

170 1235 307 1300 Ferrea:
330 1248 361 1300 tu
376 1257 502 1300 currum
517 1233 642 1300 deserto
658 1236 690 1298 in
703 1235 843 1322 gemine
858 1237 981 1300 versas!

213 1339 380 1426 Obstupuit
394 1339 483 1404 varii
498 1341 642 1404 confusus
657 1337 790 1426 imagine
806 1360 910 1404 rerum
1146 1343 1208 1401 665

172 1441 305 1523 Turnus,
320 1456 351 1505 et
364 1443 474 1507 obtutu
490 1445 585 1506 tacito
599 1441 704 1504 stetit:
727 1455 837 1506 aestuat
852 1441 959 1526 ingens

173 1541 245 1608 Uno
259 1546 291 1608 in
306 1543 402 1608 corde
417 1542 528 1630 pudor,
543 1544 701 1628 mixtoque
716 1545 837 1608 insania
857 1543 954 1622 luctu,

173 1647 214 1710 Et
228 1643 315 1712 furiis
329 1649 462 1733 agitatus
479 1668 576 1726 amor,
591 1660 623 1710 et
636 1648 765 1712 conscia
780 1646 887 1712 virtus·

175 1749 219 1814 Ut
233 1745 367 1836 primitur
383 1749 531 1814 discusse
546 1749 665 1814 umbrae
681 1762 711 1814 et
727 1749 780 1814 lux
796 1749 919 1814 reddita
936 1754 1041 1830 menti,

174 1851 328 1920 Ardentes
342 1853 502 1918 oculorum
516 1853 608 1918 orbes
624 1853 665 1920 ad
681 1855 795 1918 moenia
811 1855 898 1918 torsit
1148 1859 1211 1916 670

176 1953 346 2034 Turbidus,
361 1977 440 2040 eque
455 1955 531 2019 rotis
544 1977 688 2042 magnam
703 1957 840 2041 respexit
855 1954 896 2020 ad
911 1956 1034 2020 urbem.

220 2057 304 2122 Ecce
319 2071 420 2126 autem
436 2057 567 2124 flammis
583 2059 662 2123 inter
677 2059 817 2124 tabulata
834 2059 955 2124 volutus

177 2159 227 2226 nd
242 2159 355 2224 coelum
370 2159 509 2226 undabat
523 2175 643 2241 vortex,
659 2161 828 2244 turrimque
844 2163 982 2244 tenebat,

177 2261 303 2325 Turrim
318 2261 489 2346 compactis
505 2261 646 2326 trabibus
661 2281 755 2346 quam
770 2261 923 2327 eduxerat
938 2267 1016 2348 ipse,
1228 2332 1234 2347 ⁸

179 2361 432 2448 Subdideratque
447 2377 540 2444 rotas,
555 2377 728 2449 pontesque
743 2368 931 2430 instraverat
945 2363 1034 2430 altos
1151 2370 1214 2428 675

179 2467 251 2534 Jam
261 2470 328 2555 jam
345 2467 418 2547 lata,
433 2489 529 2544 soror,
545 2483 712 2556 superant3
734 2468 851 2532 absiste
866 2472 1000 2533 morari:

179 2569 251 2652 Quo
265 2569 352 2650 deus,
368 2583 398 2634 et
413 2569 474 2655 quo
489 2568 569 2635 dura
583 2585 676 2634 vocat
691 2572 824 2651 fortuna,
838 2593 1015 2656 sequamur.

181 2675 248 2740 Stat
261 2673 404 2738 conferre
419 2694 543 2736 manum
557 2671 679 2754 AEneae,
694 2687 755 2737 stat
771 2673 924 2760 quidquid
939 2674 1048 2738 acerbi
1063 2685 1110 2736 est

181 2775 285 2840 Morte
299 2778 386 2862 pati,
407 2797 465 2839 nec
480 2797 529 2840 me
545 2775 736 2855 indecorem,
749 2799 908 2864 germana,
922 2777 1045 2843 videbis

180 2877 340 2965 Amplius:
365 2877 456 2959 hunc,
472 2901 538 2960 oro,
552 2879 618 2944 siue
634 2901 683 2944 me
698 2879 801 2944 furere
817 2882 889 2946 anti
905 2883 1051 2946 furorem.
1152 2886 1217 2944 680

180 2980 282 3061 Dixit,
296 2995 327 3076 et
342 3003 360 3046 e
374 3002 468 3044 curru
483 2980 595 3045 saltum
610 2979 697 3046 dedit
712 2980 799 3046 ocids
814 2984 916 3048 arvis:

183 3083 305 3169 Perque
320 3083 434 3165 hostes,
449 3107 506 3170 per
520 3083 582 3150 tela
596 3087 667 3168 ruit,
682 3100 885 3174 moestamque
899 3107 1037 3152 sororem

181 3187 318 3268 Deserit,
333 3209 371 3252 ac
385 3185 497 3273 rapido
512 3210 603 3252 cursu
619 3189 724 3253 media
738 3193 862 3276 agmina
877 3193 1003 3278 rumpit.

183 3293 230 3355 Ac
245 3289 342 3354 veluti
355 3291 467 3354 montis
482 3311 592 3354 saxum
607 3289 648 3355 de
663 3292 780 3356 vertice
797 3312 940 3378 praeceps

183 3391 286 3476 Quum
301 3395 362 3457 ruit
377 3391 516 3458 avulsum
532 3406 633 3473 vento,
648 3415 702 3457 seu
717 3393 858 3458 turbidus
874 3393 975 3458 imber
1156 3399 1218 3456 686

185 3496 311 3578 Proluit,
326 3509 379 3560 aut
394 3493 482 3560 annis
497 3495 588 3560 solvit
603 3495 751 3580 sublapsa
767 3509 921 3576 vetustas,

184 3601 295 3666 Fertur
309 3600 342 3662 in
357 3598 522 3683 abruptum
538 3620 649 3686 magno
663 3621 751 3662 mons
767 3599 926 3685 improbus
942 3611 1023 3675 actu,

184 3701 390 3785 Exsultatque
405 3699 481 3780 solo,
496 3697 599 3781 silvas,
615 3714 764 3782 armenta,
779 3705 937 3786 virosque,

185 3801 350 3870 involvens
364 3822 488 3868 secum:
511 3800 643 3889 disjecta
656 3825 714 3888 per
729 3805 854 3890 agmina
869 3803 992 3868 Turnus

187 3908 239 3971 Sic
254 3906 341 3972 urbis
356 3905 416 3970 ruit
431 3904 471 3969 ad
486 3927 600 3988 muros,
614 3907 667 3970 ubi
682 3904 816 3994 plurima
830 3907 899 3969 suso
1156 3911 1220 3980 690

187 4009 340 4096 Sanguine
355 4021 439 4074 terra
454 4007 569 4089 madet,
583 4007 777 4095 striduntque
792 4007 954 4074 hastilibus
970 4029 1053 4074 auroe
1069 4035 1077 4088 ς

187 4109 407 4198 Significatque
421 4132 524 4192 manu,
539 4125 569 4176 et
584 4134 696 4200 magno
710 4110 799 4178 simul
815 4111 923 4200 incipit
937 4132 1009 4175 ore:
