2936 5122
144 531 202 590 ³72
588 521 777 586 AENElDOS

191 677 233 742 Et
243 677 334 764 juxti
348 676 511 756 Ascanius,
526 696 645 762 magna:
660 699 730 762 spes
746 675 844 740 altera
860 673 977 756 Roma,

195 779 372 846 Procedunt
387 778 517 857 castris:
538 781 678 866 purique
693 783 725 845 in
739 793 826 846 veste
841 779 988 843 sacerdos

194 885 325 972 Setigeri
341 885 447 948 ioetum
462 884 524 948 suis
538 887 752 967 intonsamque
767 882 927 947 bidentem
1165 885 1225 945 rto

196 985 315 1064 Attulit,
330 984 528 1068 admovitque
542 1007 638 1070 pecus
654 981 854 1071 flagrantibus
869 983 943 1047 aris.

197 1087 256 1168 llli'‚
272 1087 312 1153 ad
328 1101 503 1174 surgentem
518 1092 661 1184 conversi
677 1087 790 1152 lumina
806 1088 913 1168 solem,

197 1191 284 1257 Dant
298 1193 401 1278 fruges
416 1191 557 1256 manibus
572 1191 680 1270 sabas,
694 1205 725 1253 et
739 1203 879 1275 tempora
893 1190 978 1253 ferro

199 1297 324 1361 Summa
340 1309 448 1361 notant
463 1294 628 1381 pecudum,
642 1297 821 1380 paterisque
837 1293 947 1358 altaria
963 1289 1073 1356 libant.

199 1401 280 1466 Tum
295 1405 364 1486 pius
378 1399 508 1480 AEneas,
522 1403 629 1464 stricto
643 1402 689 1462 sic
705 1421 778 1462 ense
793 1411 956 1483 precatur:
1170 1399 1232 1458 trs

201 1503 276 1568 Esto
291 1525 372 1568 nunc
389 1501 441 1568 Sol
456 1503 552 1581 tostis,
567 1515 598 1566 et
613 1501 680 1564 boec
695 1499 769 1564 mibi
786 1514 870 1564 terra
885 1499 1018 1580 vocanti,

201 1607 302 1686 Quam
317 1620 444 1692 propter
459 1617 559 1670 tantos
574 1607 658 1689 potui
674 1605 813 1688 perferre
828 1602 961 1682 labores,

203 1707 243 1772 Et
260 1709 351 1772 Pater
365 1710 570 1791 omnipotens,
585 1717 615 1770 et
630 1718 671 1784 tu,
687 1707 831 1769 Saturnia
845 1705 937 1783 luno,

203 1809 274 1872 Jam
290 1809 408 1887 melior,
419 1805 593 1894 jam,‘diva,
607 1827 737 1891 precor:
761 1819 864 1888 tuque,
880 1804 998 1890 inclyte
1012 1803 1149 1884 Mavors,

138 1987 143 1996 Ι
204 1911 326 1974 Cuncta
343 1923 394 1974 tuo
409 1913 462 1994 qui
477 1907 572 1986 bella,
586 1922 686 1992 pater,
700 1909 759 1970 sub
774 1907 896 1970 numine
911 1921 1053 1988 torques:
1174 1910 1235 1968 180

206 2013 392 2097 Fontesque,
407 2012 577 2094 fluviosque
592 2031 681 2090 voco,
697 2031 829 2092 quaeque
843 2009 968 2074 aetberis
982 2007 1037 2073 alti

208 2113 351 2200 Relligio,
367 2126 397 2176 et
412 2135 481 2198 quae
497 2113 632 2178 caemleo
645 2125 714 2176 sunt
729 2115 854 2176 numina
869 2123 973 2196 ponto.

207 2221 346 2284 Cesserit
361 2220 497 2284 Ausonio
508 2222 534 2282 si
550 2219 613 2283 sors
628 2218 759 2282 victoria
773 2217 891 2298 Turno,

208 2322 361 2386 Convenit
377 2321 516 2386 Evandri
531 2321 628 2385 victos
642 2318 806 2384 discedere
820 2319 861 2388 ad
876 2321 1006 2402 urbem3
1084 2383 1089 2396 ,
1115 2315 1118 2322 “

210 2422 311 2488 Cedet
327 2422 409 2488 liilus
424 2424 505 2510 agris
520 2448 528 2502 3
551 2443 608 2486 nec
623 2435 693 2507 post
708 2443 794 2486 arma
809 2419 873 2486 ulla
888 2421 1021 2486 rebelles

209 2525 362 2592 AEneadae
378 2527 524 2606 referent,
539 2527 662 2590 ferrove
677 2525 745 2589 hec
760 2545 855 2611 regna
870 2523 1034 2590 lacessent.
1059 2589 1063 2596 ,

211 2633 265 2696 Sin
280 2644 416 2695 nostrum
431 2630 570 2694 annuerit
585 2629 674 2694 nobis
689 2628 818 2692 victoria
834 2629 978 2708 Martem,

211 2733 273 2815 (Ut
288 2729 388 2818 potiris
404 2753 484 2812 reor,
499 2745 530 2796 et
544 2729 646 2818 potius
660 2730 695 2794 di
711 2735 833 2796 numine
848 2731 968 2799 firment
979 2733 1011 2815 i)

213 2835 284 2900 Non
299 2857 357 2922 ego
372 2856 429 2900 nec
445 2835 577 2898 Teucris
593 2831 686 2896 ltalos
700 2853 813 2917 parere
823 2833 953 2918 jubebo,

215 2940 282 3005 Nec
299 2939 375 3002 mihi
391 2959 487 3024 regna
501 2949 585 3022 peto.
631 2936 762 3000 Paribus
777 2957 809 3000 se
825 2937 946 3022 legibus
961 2937 1062 3000 ambs:
1181 2944 1244 3002 190

214 3042 341 3106 lnvictae
356 3053 463 3124 gentes
477 3051 593 3102 aeterna
610 3041 639 3101 in
655 3036 775 3102 ioedera
790 3038 921 3104 mittant.

216 3146 314 3208 Sacra
329 3141 467 3226 deosque
481 3140 586 3204 dabo:
608 3163 698 3204 socer
713 3163 800 3206 arma
816 3141 944 3206 Latinus
959 3140 1097 3224 habeto:

215 3248 383 3334 Imperium
399 3245 534 3308 solemne
550 3265 656 3308 socer:
679 3244 755 3308 mihi
770 3247 883 3310 muenia
897 3245 1013 3310 Teucri

217 3351 423 3426 Constituent,
436 3347 569 3432 urbique
585 3346 673 3412 dabit
689 3348 821 3412 Lavinia
836 3325 960 3414 ndmen.

217 3453 267 3518 Sic
283 3452 368 3538 prior
382 3448 520 3514 AEneas:
543 3451 681 3535 sequitur
696 3453 741 3514 sic
757 3449 871 3516 deinde
886 3451 1023 3530 Latinus,

217 3558 395 3642 Suspiciens
410 3553 532 3632 coelum,
547 3553 704 3640 tenditque
720 3555 759 3620 ad
775 3556 879 3620 sidera
894 3555 1054 3619 dextram:

218 3659 301 3722 Haec
317 3656 436 3736 eadem,
452 3655 560 3736 AEnea,
575 3670 699 3736 temam,
713 3677 809 3736 mare,
824 3656 937 3736 sidera,
946 3658 1029 3742 juro,

218 3761 409 3845 Latonaeque
424 3777 520 3846 genus
530 3759 661 3844 duplex,
676 3760 851 3842 Janumque
867 3759 1042 3838 bifrontem,

220 3865 357 3948 Vimque
369 3863 463 3926 deum
478 3862 640 3941 infernam,
655 3875 685 3926 et
699 3862 770 3926 duri
785 3864 927 3926 sacraria
942 3861 1035 3924 Ditis.

220 3966 334 4031 Audiat
350 3965 417 4029 haec
432 3965 559 4050 genitor,
575 3968 628 4050 qui
643 3966 763 4030 federa
778 3965 903 4030 fulmine
918 3967 1028 4030 sancit.

219 4069 331 4152 Tango
346 4086 438 4145 aras:
462 4065 581 4130 medios
596 4067 681 4151 ignes
695 4078 726 4130 et
739 4069 865 4130 numina
882 4078 994 4130 testor:

219 4169 316 4235 Nulla
330 4169 396 4234 dies
411 4189 522 4253 pacem
537 4169 619 4234 banc
634 4169 717 4234 ltalis
731 4191 790 4236 nec
805 4167 925 4236 soedera
939 4179 1070 4253 rumpet,
