<?xml version="1.0" encoding="UTF-8"?>
<!DOCTYPE html PUBLIC "-//W3C//DTD XHTML 1.0 Transitional//EN"
    "http://www.w3.org/TR/xhtml1/DTD/xhtml1-transitional.dtd">
<html xmlns="http://www.w3.org/1999/xhtml" xml:lang="en" lang="en">
 <head>
  <title>
</title>
<meta http-equiv="Content-Type" content="text/html;charset=utf-8" />
  <meta name='ocr-system' content='tesseract 3.04.00' />
  <meta name='ocr-capabilities' content='ocr_page ocr_carea ocr_par ocr_line ocrx_word'/>
</head>
<body>
  <div class='ocr_page' id='page_1' title='image "./bucolicageorgic01goulgoog/bucolicageorgic01goulgoog_0140.png"; bbox 0 0 2956 5132; ppageno 0'>
   <div class='ocr_carea' id='block_1_1' title="bbox 190 523 818 590">
    <p class='ocr_par' dir='ltr' id='par_1_1' title="bbox 190 523 818 590">
     <span class='ocr_line' id='line_1_1' title="bbox 190 523 818 590; baseline -0.005 -4"><span class='ocrx_word' id='word_1_1' title='bbox 190 528 246 586; x_wconf 75' lang='lat'><strong>120</strong></span> <span class='ocrx_word' id='word_1_2' title='bbox 472 575 476 590; x_wconf 90' lang='lat'>.</span> <span class='ocrx_word' id='word_1_3' title='bbox 630 523 818 586; x_wconf 75' lang='lat' dir='ltr'><strong>AENEIDOS</strong></span> 
     </span>
    </p>
   </div>
   <div class='ocr_carea' id='block_1_2' title="bbox 186 661 1369 4244">
    <p class='ocr_par' dir='ltr' id='par_1_2' title="bbox 228 661 1046 758">
     <span class='ocr_line' id='line_1_2' title="bbox 228 661 1046 758; baseline -0.001 -19"><span class='ocrx_word' id='word_1_4' title='bbox 228 673 345 740; x_wconf 87' lang='lat' dir='ltr'><strong>Omnia</strong></span> <span class='ocrx_word' id='word_1_5' title='bbox 359 685 425 737; x_wconf 90' lang='lat' dir='ltr'><strong>tuta</strong></span> <span class='ocrx_word' id='word_1_6' title='bbox 438 668 539 751; x_wconf 85' lang='lat' dir='ltr'><strong>rides,</strong></span> <span class='ocrx_word' id='word_1_7' title='bbox 553 669 695 751; x_wconf 78' lang='lat' dir='ltr'><strong>classem,</strong></span> <span class='ocrx_word' id='word_1_8' title='bbox 709 675 874 757; x_wconf 86' lang='lat' dir='ltr'><strong>sociosque</strong></span> <span class='ocrx_word' id='word_1_9' title='bbox 888 661 1046 758; x_wconf 80' lang='lat' dir='ltr'><strong>reeeptos.</strong></span> 
     </span>
    </p>

    <p class='ocr_par' dir='ltr' id='par_1_3' title="bbox 230 773 1041 866">
     <span class='ocr_line' id='line_1_3' title="bbox 230 773 1041 866; baseline -0.004 -23"><span class='ocrx_word' id='word_1_10' title='bbox 230 775 320 843; x_wconf 90' lang='lat' dir='ltr'><strong>Unus</strong></span> <span class='ocrx_word' id='word_1_11' title='bbox 334 776 433 857; x_wconf 87' lang='lat' dir='ltr'><strong>abest,</strong></span> <span class='ocrx_word' id='word_1_12' title='bbox 447 774 551 842; x_wconf 90' lang='lat' dir='ltr'><strong>medio</strong></span> <span class='ocrx_word' id='word_1_13' title='bbox 566 778 598 838; x_wconf 91' lang='lat' dir='ltr'><strong>in</strong></span> <span class='ocrx_word' id='word_1_14' title='bbox 612 773 707 866; x_wconf 84' lang='lat' dir='ltr'><strong>fluctu</strong></span> <span class='ocrx_word' id='word_1_15' title='bbox 722 795 815 858; x_wconf 88' lang='lat' dir='ltr'><strong>quem</strong></span> <span class='ocrx_word' id='word_1_16' title='bbox 829 773 965 840; x_wconf 85' lang='lat' dir='ltr'><strong>vidimus</strong></span> <span class='ocrx_word' id='word_1_17' title='bbox 980 780 1041 862; x_wconf 87' lang='lat' dir='ltr'><strong>ipsi</strong></span> 
     </span>
    </p>

    <p class='ocr_par' dir='ltr' id='par_1_4' title="bbox 228 875 1369 1068">
     <span class='ocr_line' id='line_1_4' title="bbox 230 875 1369 962; baseline -0.001 -17"><span class='ocrx_word' id='word_1_18' title='bbox 230 880 448 948; x_wconf 77' lang='lat' dir='ltr'><strong>submersum:</strong></span> <span class='ocrx_word' id='word_1_19' title='bbox 470 879 562 942; x_wconf 86' lang='lat' dir='ltr'><strong>dictis</strong></span> <span class='ocrx_word' id='word_1_20' title='bbox 577 875 767 962; x_wconf 86' lang='lat' dir='ltr'><strong>respondent</strong></span> <span class='ocrx_word' id='word_1_21' title='bbox 780 889 897 944; x_wconf 79' lang='lat' dir='ltr'><strong>cetera</strong></span> <span class='ocrx_word' id='word_1_22' title='bbox 911 881 1041 943; x_wconf 79' lang='lat' dir='ltr'><strong>metris&#39;</strong></span> <span class='ocrx_word' id='word_1_23' title='bbox 1199 885 1259 944; x_wconf 79' lang='lat'><strong>585</strong></span> <span class='ocrx_word' id='word_1_24' title='bbox 1366 887 1369 896; x_wconf 82' lang='grc'>’</span> 
     </span>
     <span class='ocr_line' id='line_1_5' title="bbox 228 980 994 1068; baseline -0.004 -21"><span class='ocrx_word' id='word_1_25' title='bbox 228 983 297 1048; x_wconf 81' lang='lat' dir='ltr'><strong>Vix</strong></span> <span class='ocrx_word' id='word_1_26' title='bbox 312 1003 350 1046; x_wconf 89' lang='lat' dir='ltr'><strong>ea</strong></span> <span class='ocrx_word' id='word_1_27' title='bbox 364 982 444 1046; x_wconf 84' lang='lat' dir='ltr'><strong>fatus</strong></span> <span class='ocrx_word' id='word_1_28' title='bbox 460 991 536 1059; x_wconf 86' lang='lat' dir='ltr'><strong>erat,</strong></span> <span class='ocrx_word' id='word_1_29' title='bbox 552 999 647 1064; x_wconf 88' lang='lat' dir='ltr'><strong>quum</strong></span> <span class='ocrx_word' id='word_1_30' title='bbox 661 980 850 1046; x_wconf 85' lang='lat' dir='ltr'><strong>circumlirsa</strong></span> <span class='ocrx_word' id='word_1_31' title='bbox 863 981 994 1068; x_wconf 76' lang='lat' dir='ltr'><strong>repente</strong></span> 
     </span>
    </p>

    <p class='ocr_par' dir='ltr' id='par_1_5' title="bbox 231 1081 1047 1172">
     <span class='ocr_line' id='line_1_6' title="bbox 231 1081 1047 1172; baseline -0.001 -23"><span class='ocrx_word' id='word_1_32' title='bbox 231 1083 353 1150; x_wconf 87' lang='lat' dir='ltr'><strong>Scindit</strong></span> <span class='ocrx_word' id='word_1_33' title='bbox 367 1105 401 1147; x_wconf 90' lang='lat' dir='ltr'><strong>se</strong></span> <span class='ocrx_word' id='word_1_34' title='bbox 416 1083 525 1163; x_wconf 88' lang='lat' dir='ltr'><strong>nubes,</strong></span> <span class='ocrx_word' id='word_1_35' title='bbox 540 1095 571 1146; x_wconf 87' lang='lat' dir='ltr'><strong>et</strong></span> <span class='ocrx_word' id='word_1_36' title='bbox 585 1086 618 1148; x_wconf 91' lang='lat' dir='ltr'><strong>in</strong></span> <span class='ocrx_word' id='word_1_37' title='bbox 632 1081 753 1148; x_wconf 77' lang='lat' dir='ltr'><strong>ethera</strong></span> <span class='ocrx_word' id='word_1_38' title='bbox 767 1097 879 1172; x_wconf 83' lang='lat' dir='ltr'><strong>purgat</strong></span> <span class='ocrx_word' id='word_1_39' title='bbox 893 1097 1047 1170; x_wconf 86' lang='lat' dir='ltr'><strong>apertum.</strong></span> 
     </span>
    </p>

    <p class='ocr_par' dir='ltr' id='par_1_6' title="bbox 230 1183 937 1270">
     <span class='ocr_line' id='line_1_7' title="bbox 230 1183 937 1270; baseline -0.003 -18"><span class='ocrx_word' id='word_1_40' title='bbox 230 1186 357 1252; x_wconf 83' lang='lat' dir='ltr'><strong>Restitit</strong></span> <span class='ocrx_word' id='word_1_41' title='bbox 372 1185 496 1266; x_wconf 80' lang='lat' dir='ltr'><strong>AEneas,</strong></span> <span class='ocrx_word' id='word_1_42' title='bbox 510 1183 658 1270; x_wconf 70' lang='lat' dir='ltr'><strong>clarique</strong></span> <span class='ocrx_word' id='word_1_43' title='bbox 674 1189 707 1250; x_wconf 90' lang='lat' dir='ltr'><strong>in</strong></span> <span class='ocrx_word' id='word_1_44' title='bbox 721 1185 791 1250; x_wconf 87' lang='lat' dir='ltr'><strong>luce</strong></span> <span class='ocrx_word' id='word_1_45' title='bbox 806 1185 937 1267; x_wconf 72' lang='lat' dir='ltr'>refulsit,</span> 
     </span>
    </p>

    <p class='ocr_par' dir='ltr' id='par_1_7' title="bbox 227 1285 1318 1581">
     <span class='ocr_line' id='line_1_8' title="bbox 227 1285 1130 1374; baseline 0.002 -20"><span class='ocrx_word' id='word_1_46' title='bbox 227 1289 273 1354; x_wconf 90' lang='lat' dir='ltr'><strong>Os</strong></span> <span class='ocrx_word' id='word_1_47' title='bbox 288 1289 496 1374; x_wconf 80' lang='lat' dir='ltr'><strong>humerosque</strong></span> <span class='ocrx_word' id='word_1_48' title='bbox 511 1285 572 1352; x_wconf 91' lang='lat' dir='ltr'><strong>deo</strong></span> <span class='ocrx_word' id='word_1_49' title='bbox 587 1285 714 1364; x_wconf 83' lang='lat' dir='ltr'><strong>similis:</strong></span> <span class='ocrx_word' id='word_1_50' title='bbox 737 1309 873 1374; x_wconf 86' lang='lat' dir='ltr'><strong>namque</strong></span> <span class='ocrx_word' id='word_1_51' title='bbox 888 1293 957 1374; x_wconf 88' lang='lat' dir='ltr'><strong>ipsa</strong></span> <span class='ocrx_word' id='word_1_52' title='bbox 971 1287 1130 1356; x_wconf 82' lang='lat' dir='ltr'><strong>decoram</strong></span> 
     </span>
     <span class='ocr_line' id='line_1_9' title="bbox 229 1378 1318 1477; baseline -0.002 -21"><span class='ocrx_word' id='word_1_53' title='bbox 229 1390 402 1456; x_wconf 78' lang='lat' dir='ltr'><strong>Caesariem</strong></span> <span class='ocrx_word' id='word_1_54' title='bbox 416 1403 491 1455; x_wconf 89' lang='lat' dir='ltr'><strong>nato</strong></span> <span class='ocrx_word' id='word_1_55' title='bbox 505 1391 659 1477; x_wconf 83' lang='lat' dir='ltr'><strong>genetrix,</strong></span> <span class='ocrx_word' id='word_1_56' title='bbox 674 1387 841 1476; x_wconf 81' lang='lat' dir='ltr'>lumenque</span> <span class='ocrx_word' id='word_1_57' title='bbox 851 1393 990 1477; x_wconf 69' lang='lat' dir='ltr'><strong>juventae</strong></span> <span class='ocrx_word' id='word_1_58' title='bbox 1199 1395 1260 1455; x_wconf 77' lang='lat'><strong>590</strong></span> <span class='ocrx_word' id='word_1_59' title='bbox 1310 1378 1318 1394; x_wconf 59' lang='lat'>⁸</span> 
     </span>
     <span class='ocr_line' id='line_1_10' title="bbox 230 1490 990 1581; baseline -0.007 -21"><span class='ocrx_word' id='word_1_60' title='bbox 230 1493 434 1581; x_wconf 87' lang='lat' dir='ltr'><strong>Purpureum,</strong></span> <span class='ocrx_word' id='word_1_61' title='bbox 449 1507 480 1560; x_wconf 91' lang='lat' dir='ltr'><strong>et</strong></span> <span class='ocrx_word' id='word_1_62' title='bbox 494 1493 581 1558; x_wconf 82' lang='lat' dir='ltr'><strong>laetos</strong></span> <span class='ocrx_word' id='word_1_63' title='bbox 596 1490 695 1556; x_wconf 89' lang='lat' dir='ltr'><strong>oculis</strong></span> <span class='ocrx_word' id='word_1_64' title='bbox 710 1491 829 1558; x_wconf 70' lang='lat' dir='ltr'><strong>afflarat</strong></span> <span class='ocrx_word' id='word_1_65' title='bbox 844 1491 990 1558; x_wconf 79' lang='lat' dir='ltr'><strong>bonores.</strong></span> 
     </span>
    </p>

    <p class='ocr_par' dir='ltr' id='par_1_8' title="bbox 229 1593 1062 1682">
     <span class='ocr_line' id='line_1_11' title="bbox 229 1593 1062 1682; baseline -0.002 -20"><span class='ocrx_word' id='word_1_66' title='bbox 229 1597 330 1682; x_wconf 82' lang='lat' dir='ltr'>Quale</span> <span class='ocrx_word' id='word_1_67' title='bbox 345 1619 454 1664; x_wconf 89' lang='lat' dir='ltr'><strong>manus</strong></span> <span class='ocrx_word' id='word_1_68' title='bbox 469 1595 588 1662; x_wconf 88' lang='lat' dir='ltr'><strong>addunt</strong></span> <span class='ocrx_word' id='word_1_69' title='bbox 600 1595 690 1660; x_wconf 88' lang='lat' dir='ltr'><strong>ebori</strong></span> <span class='ocrx_word' id='word_1_70' title='bbox 706 1593 821 1677; x_wconf 86' lang='lat' dir='ltr'><strong>decus;</strong></span> <span class='ocrx_word' id='word_1_71' title='bbox 843 1609 897 1660; x_wconf 90' lang='lat' dir='ltr'><strong>aut</strong></span> <span class='ocrx_word' id='word_1_72' title='bbox 909 1595 965 1660; x_wconf 93' lang='lat' dir='ltr'><strong>ubi</strong></span> <span class='ocrx_word' id='word_1_73' title='bbox 980 1595 1062 1660; x_wconf 77' lang='lat' dir='ltr'><strong>flavo</strong></span> 
     </span>
    </p>

    <p class='ocr_par' dir='ltr' id='par_1_9' title="bbox 228 1695 1010 1788">
     <span class='ocr_line' id='line_1_12' title="bbox 228 1695 1010 1788; baseline -0.008 -22"><span class='ocrx_word' id='word_1_74' title='bbox 228 1701 410 1788; x_wconf 82' lang='lat' dir='ltr'><strong>Argentum,</strong></span> <span class='ocrx_word' id='word_1_75' title='bbox 425 1699 575 1764; x_wconf 89' lang='lat' dir='ltr'><strong>Pariusve</strong></span> <span class='ocrx_word' id='word_1_76' title='bbox 590 1695 681 1784; x_wconf 88' lang='lat' dir='ltr'><strong>lapis,</strong></span> <span class='ocrx_word' id='word_1_77' title='bbox 695 1697 908 1764; x_wconf 85' lang='lat' dir='ltr'><strong>circumdatur</strong></span> <span class='ocrx_word' id='word_1_78' title='bbox 923 1719 1010 1762; x_wconf 87' lang='lat' dir='ltr'><strong>auro.</strong></span> 
     </span>
    </p>

    <p class='ocr_par' dir='ltr' id='par_1_10' title="bbox 228 1797 1257 2094">
     <span class='ocr_line' id='line_1_13' title="bbox 270 1797 1102 1888; baseline 0 -22"><span class='ocrx_word' id='word_1_79' title='bbox 270 1802 352 1866; x_wconf 86' lang='lat' dir='ltr'><strong>Tum</strong></span> <span class='ocrx_word' id='word_1_80' title='bbox 366 1805 412 1866; x_wconf 91' lang='lat' dir='ltr'><strong>sic</strong></span> <span class='ocrx_word' id='word_1_81' title='bbox 427 1803 568 1888; x_wconf 81' lang='lat' dir='ltr'><strong>reginam</strong></span> <span class='ocrx_word' id='word_1_82' title='bbox 582 1797 760 1885; x_wconf 84' lang='lat' dir='ltr'><strong>alloquitur,</strong></span> <span class='ocrx_word' id='word_1_83' title='bbox 773 1803 957 1885; x_wconf 87' lang='lat' dir='ltr'><strong>cunctisque</strong></span> <span class='ocrx_word' id='word_1_84' title='bbox 971 1800 1102 1886; x_wconf 70' lang='lat' dir='ltr'><strong>repenti</strong></span> 
     </span>
     <span class='ocr_line' id='line_1_14' title="bbox 229 1901 1257 1991; baseline -0.004 -19"><span class='ocrx_word' id='word_1_85' title='bbox 229 1907 418 1991; x_wconf 85' lang='lat' dir='ltr'><strong>Improvisus</strong></span> <span class='ocrx_word' id='word_1_86' title='bbox 431 1908 491 1970; x_wconf 78' lang='lat' dir='ltr'><strong>ait:</strong></span> <span class='ocrx_word' id='word_1_87' title='bbox 514 1903 641 1986; x_wconf 71' lang='lat' dir='ltr'><strong>Coram,</strong></span> <span class='ocrx_word' id='word_1_88' title='bbox 655 1925 750 1989; x_wconf 87' lang='lat' dir='ltr'><strong>quem</strong></span> <span class='ocrx_word' id='word_1_89' title='bbox 764 1907 915 1990; x_wconf 71' lang='lat' dir='ltr'><strong>queritis,</strong></span> <span class='ocrx_word' id='word_1_90' title='bbox 930 1901 1040 1969; x_wconf 86' lang='lat' dir='ltr'><strong>adsum</strong></span> <span class='ocrx_word' id='word_1_91' title='bbox 1198 1907 1257 1969; x_wconf 71' lang='lat'><strong>⁶9⁵</strong></span> 
     </span>
     <span class='ocr_line' id='line_1_15' title="bbox 228 2005 946 2094; baseline -0.007 -20"><span class='ocrx_word' id='word_1_92' title='bbox 228 2007 343 2074; x_wconf 70' lang='lat' dir='ltr'><strong>&#39;Iboius</strong></span> <span class='ocrx_word' id='word_1_93' title='bbox 359 2006 483 2088; x_wconf 83' lang='lat' dir='ltr'><strong>AEneas,</strong></span> <span class='ocrx_word' id='word_1_94' title='bbox 498 2007 632 2094; x_wconf 83' lang='lat' dir='ltr'><strong>Libycis</strong></span> <span class='ocrx_word' id='word_1_95' title='bbox 646 2019 773 2092; x_wconf 88' lang='lat' dir='ltr'><strong>ereptus</strong></span> <span class='ocrx_word' id='word_1_96' title='bbox 787 2007 829 2070; x_wconf 89' lang='lat' dir='ltr'><strong>ab</strong></span> <span class='ocrx_word' id='word_1_97' title='bbox 844 2005 946 2072; x_wconf 87' lang='lat' dir='ltr'><strong>undis.</strong></span> 
     </span>
    </p>

    <p class='ocr_par' dir='ltr' id='par_1_11' title="bbox 228 2106 929 2196">
     <span class='ocr_line' id='line_1_16' title="bbox 228 2106 929 2196; baseline -0.001 -22"><span class='ocrx_word' id='word_1_98' title='bbox 228 2109 258 2176; x_wconf 92' lang='grc' dir='ltr'>Ο</span> <span class='ocrx_word' id='word_1_99' title='bbox 272 2109 338 2174; x_wconf 90' lang='lat' dir='ltr'><strong>sola</strong></span> <span class='ocrx_word' id='word_1_100' title='bbox 353 2106 497 2174; x_wconf 81' lang='lat' dir='ltr'><strong>infandos</strong></span> <span class='ocrx_word' id='word_1_101' title='bbox 511 2111 617 2196; x_wconf 77' lang='lat' dir='ltr'><strong>&#39;Ibojae</strong></span> <span class='ocrx_word' id='word_1_102' title='bbox 632 2112 779 2174; x_wconf 87' lang='lat' dir='ltr'><strong>miserata</strong></span> <span class='ocrx_word' id='word_1_103' title='bbox 794 2107 929 2190; x_wconf 86' lang='lat' dir='ltr'><strong>labores,</strong></span> 
     </span>
    </p>

    <p class='ocr_par' dir='ltr' id='par_1_12' title="bbox 228 2209 1083 2297">
     <span class='ocr_line' id='line_1_17' title="bbox 228 2209 1083 2297; baseline -0.002 -21"><span class='ocrx_word' id='word_1_104' title='bbox 228 2212 307 2295; x_wconf 80' lang='lat' dir='ltr'><strong>Quae</strong></span> <span class='ocrx_word' id='word_1_105' title='bbox 321 2232 387 2292; x_wconf 89' lang='lat' dir='ltr'><strong>nos,</strong></span> <span class='ocrx_word' id='word_1_106' title='bbox 401 2211 551 2297; x_wconf 82' lang='lat' dir='ltr'><strong>reliquias</strong></span> <span class='ocrx_word' id='word_1_107' title='bbox 565 2209 722 2291; x_wconf 85' lang='lat' dir='ltr'><strong>Danatim,</strong></span> <span class='ocrx_word' id='word_1_108' title='bbox 736 2222 901 2296; x_wconf 81' lang='lat' dir='ltr'><strong>terraeque,</strong></span> <span class='ocrx_word' id='word_1_109' title='bbox 915 2213 1083 2296; x_wconf 81' lang='lat' dir='ltr'><strong>marisque,</strong></span> 
     </span>
    </p>

    <p class='ocr_par' dir='ltr' id='par_1_13' title="bbox 228 2312 1138 2400">
     <span class='ocr_line' id='line_1_18' title="bbox 228 2312 1138 2400; baseline -0.009 -20"><span class='ocrx_word' id='word_1_110' title='bbox 228 2313 382 2380; x_wconf 88' lang='lat' dir='ltr'><strong>Omnibus</strong></span> <span class='ocrx_word' id='word_1_111' title='bbox 398 2312 566 2380; x_wconf 83' lang='lat' dir='ltr'><strong>exhaustos</strong></span> <span class='ocrx_word' id='word_1_112' title='bbox 576 2315 644 2400; x_wconf 90' lang='lat' dir='ltr'><strong>jam</strong></span> <span class='ocrx_word' id='word_1_113' title='bbox 657 2313 794 2393; x_wconf 84' lang='lat' dir='ltr'><strong>casibus,</strong></span> <span class='ocrx_word' id='word_1_114' title='bbox 807 2317 944 2378; x_wconf 82' lang='lat' dir='ltr'><strong>omnium</strong></span> <span class='ocrx_word' id='word_1_115' title='bbox 959 2333 1084 2400; x_wconf 82' lang='lat' dir='ltr'><strong>egenos,</strong></span> <span class='ocrx_word' id='word_1_116' title='bbox 1129 2356 1138 2372; x_wconf 83' lang='grc'>,</span> 
     </span>
    </p>

    <p class='ocr_par' dir='ltr' id='par_1_14' title="bbox 228 2411 1258 2605">
     <span class='ocr_line' id='line_1_19' title="bbox 229 2411 1258 2501; baseline -0.003 -20"><span class='ocrx_word' id='word_1_117' title='bbox 229 2415 329 2497; x_wconf 87' lang='lat' dir='ltr'><strong>Urbe,</strong></span> <span class='ocrx_word' id='word_1_118' title='bbox 344 2413 446 2494; x_wconf 90' lang='lat' dir='ltr'><strong>domo,</strong></span> <span class='ocrx_word' id='word_1_119' title='bbox 460 2416 579 2478; x_wconf 88' lang='lat' dir='ltr'><strong>socies!</strong></span> <span class='ocrx_word' id='word_1_120' title='bbox 602 2427 706 2499; x_wconf 81' lang='lat' dir='ltr'><strong>grates</strong></span> <span class='ocrx_word' id='word_1_121' title='bbox 719 2434 901 2498; x_wconf 73' lang='lat' dir='ltr'><strong>persensere</strong></span> <span class='ocrx_word' id='word_1_122' title='bbox 916 2411 1028 2501; x_wconf 82' lang='lat' dir='ltr'><strong>dignas</strong></span> <span class='ocrx_word' id='word_1_123' title='bbox 1197 2417 1258 2478; x_wconf 84' lang='lat'><strong>600</strong></span> 
     </span>
     <span class='ocr_line' id='line_1_20' title="bbox 228 2513 1131 2605; baseline -0.002 -21"><span class='ocrx_word' id='word_1_124' title='bbox 228 2519 300 2584; x_wconf 87' lang='lat' dir='ltr'><strong>Non</strong></span> <span class='ocrx_word' id='word_1_125' title='bbox 314 2521 382 2604; x_wconf 93' lang='lat' dir='ltr'><strong>opis</strong></span> <span class='ocrx_word' id='word_1_126' title='bbox 398 2529 444 2579; x_wconf 87' lang='lat' dir='ltr'><strong>est</strong></span> <span class='ocrx_word' id='word_1_127' title='bbox 458 2529 581 2593; x_wconf 77' lang='lat' dir='ltr'><strong>nostre,</strong></span> <span class='ocrx_word' id='word_1_128' title='bbox 595 2515 692 2594; x_wconf 90' lang='lat' dir='ltr'><strong>Dido,</strong></span> <span class='ocrx_word' id='word_1_129' title='bbox 707 2535 766 2578; x_wconf 87' lang='lat' dir='ltr'><strong>nec</strong></span> <span class='ocrx_word' id='word_1_130' title='bbox 781 2513 936 2601; x_wconf 90' lang='lat' dir='ltr'><strong>quidquid</strong></span> <span class='ocrx_word' id='word_1_131' title='bbox 950 2517 1069 2605; x_wconf 91' lang='lat' dir='ltr'><strong>ubique</strong></span> <span class='ocrx_word' id='word_1_132' title='bbox 1083 2531 1131 2583; x_wconf 90' lang='lat' dir='ltr'><strong>est</strong></span> 
     </span>
    </p>

    <p class='ocr_par' dir='ltr' id='par_1_15' title="bbox 227 2612 1110 2705">
     <span class='ocr_line' id='line_1_21' title="bbox 227 2612 1110 2705; baseline 0.001 -22"><span class='ocrx_word' id='word_1_133' title='bbox 227 2621 337 2684; x_wconf 87' lang='lat' dir='ltr'><strong>Gentis</strong></span> <span class='ocrx_word' id='word_1_134' title='bbox 352 2612 535 2694; x_wconf 68' lang='lat' dir='ltr'><strong>Dardaniae,</strong></span> <span class='ocrx_word' id='word_1_135' title='bbox 549 2635 693 2702; x_wconf 87' lang='lat' dir='ltr'><strong>magnum</strong></span> <span class='ocrx_word' id='word_1_136' title='bbox 708 2635 779 2700; x_wconf 76' lang='lat' dir='ltr'><strong>que</strong></span> <span class='ocrx_word' id='word_1_137' title='bbox 792 2637 903 2702; x_wconf 85' lang='lat' dir='ltr'><strong>sparsa</strong></span> <span class='ocrx_word' id='word_1_138' title='bbox 917 2639 976 2705; x_wconf 88' lang='lat' dir='ltr'><strong>per</strong></span> <span class='ocrx_word' id='word_1_139' title='bbox 990 2622 1110 2687; x_wconf 88' lang='lat' dir='ltr'><strong>orbem.</strong></span> 
     </span>
    </p>

    <p class='ocr_par' dir='ltr' id='par_1_16' title="bbox 227 2721 1038 2810">
     <span class='ocr_line' id='line_1_22' title="bbox 227 2721 1038 2810; baseline 0.001 -23"><span class='ocrx_word' id='word_1_140' title='bbox 227 2721 274 2787; x_wconf 85' lang='lat' dir='ltr'><strong>Dt</strong></span> <span class='ocrx_word' id='word_1_141' title='bbox 287 2721 356 2801; x_wconf 84' lang='lat' dir='ltr'><strong>tibi,</strong></span> <span class='ocrx_word' id='word_1_142' title='bbox 370 2724 397 2785; x_wconf 91' lang='lat' dir='ltr'><strong>si</strong></span> <span class='ocrx_word' id='word_1_143' title='bbox 412 2740 474 2804; x_wconf 88' lang='lat' dir='ltr'><strong>qua</strong></span> <span class='ocrx_word' id='word_1_144' title='bbox 488 2721 558 2805; x_wconf 89' lang='lat' dir='ltr'><strong>pios</strong></span> <span class='ocrx_word' id='word_1_145' title='bbox 573 2731 752 2805; x_wconf 86' lang='lat' dir='ltr'><strong>respectent</strong></span> <span class='ocrx_word' id='word_1_146' title='bbox 765 2723 904 2802; x_wconf 89' lang='lat' dir='ltr'><strong>numina,</strong></span> <span class='ocrx_word' id='word_1_147' title='bbox 918 2726 945 2786; x_wconf 90' lang='lat' dir='ltr'><strong>si</strong></span> <span class='ocrx_word' id='word_1_148' title='bbox 960 2723 1038 2810; x_wconf 87' lang='lat' dir='ltr'><strong>quid</strong></span> 
     </span>
    </p>

    <p class='ocr_par' dir='ltr' id='par_1_17' title="bbox 228 2822 1047 2911">
     <span class='ocr_line' id='line_1_23' title="bbox 228 2822 1047 2911; baseline 0 -21"><span class='ocrx_word' id='word_1_149' title='bbox 228 2822 371 2909; x_wconf 86' lang='lat' dir='ltr'><strong>Usquam</strong></span> <span class='ocrx_word' id='word_1_150' title='bbox 382 2823 504 2911; x_wconf 88' lang='lat' dir='ltr'><strong>justitia</strong></span> <span class='ocrx_word' id='word_1_151' title='bbox 518 2833 575 2903; x_wconf 82' lang='lat' dir='ltr'><strong>est,</strong></span> <span class='ocrx_word' id='word_1_152' title='bbox 591 2834 622 2886; x_wconf 87' lang='lat' dir='ltr'><strong>et</strong></span> <span class='ocrx_word' id='word_1_153' title='bbox 636 2843 724 2888; x_wconf 89' lang='lat' dir='ltr'><strong>mens</strong></span> <span class='ocrx_word' id='word_1_154' title='bbox 738 2823 800 2888; x_wconf 90' lang='lat' dir='ltr'><strong>sibi</strong></span> <span class='ocrx_word' id='word_1_155' title='bbox 814 2827 943 2890; x_wconf 88' lang='lat' dir='ltr'><strong>conseia</strong></span> <span class='ocrx_word' id='word_1_156' title='bbox 956 2830 1047 2908; x_wconf 87' lang='lat' dir='ltr'><strong>recti,</strong></span> 
     </span>
    </p>

    <p class='ocr_par' dir='ltr' id='par_1_18' title="bbox 228 2925 1271 3117">
     <span class='ocr_line' id='line_1_24' title="bbox 228 2925 1271 3015; baseline 0 -23"><span class='ocrx_word' id='word_1_157' title='bbox 228 2927 364 2993; x_wconf 76' lang='lat' dir='ltr'><strong>Praemta</strong></span> <span class='ocrx_word' id='word_1_158' title='bbox 378 2925 473 3014; x_wconf 84' lang='lat' dir='ltr'><strong>digna</strong></span> <span class='ocrx_word' id='word_1_159' title='bbox 487 2926 601 2992; x_wconf 82' lang='lat' dir='ltr'><strong>lerant·</strong></span> <span class='ocrx_word' id='word_1_160' title='bbox 624 2925 702 3009; x_wconf 70' lang='lat' dir='ltr'><strong>Quae</strong></span> <span class='ocrx_word' id='word_1_161' title='bbox 717 2939 749 2991; x_wconf 91' lang='lat' dir='ltr'><strong>te</strong></span> <span class='ocrx_word' id='word_1_162' title='bbox 763 2938 827 2992; x_wconf 86' lang='lat' dir='ltr'><strong>tam</strong></span> <span class='ocrx_word' id='word_1_163' title='bbox 842 2925 916 2992; x_wconf 77' lang='lat' dir='ltr'><strong>laeto</strong></span> <span class='ocrx_word' id='word_1_164' title='bbox 932 2926 1070 2994; x_wconf 86' lang='lat' dir='ltr'><strong>tulertmt</strong></span> <span class='ocrx_word' id='word_1_165' title='bbox 1124 3012 1126 3015; x_wconf 80' lang='lat'>.</span> <span class='ocrx_word' id='word_1_166' title='bbox 1195 2933 1271 3010; x_wconf 39' lang='lat'><strong>605,</strong></span> 
     </span>
     <span class='ocr_line' id='line_1_25' title="bbox 229 3027 984 3117; baseline -0.001 -22"><span class='ocrx_word' id='word_1_167' title='bbox 229 3029 374 3095; x_wconf 75' lang='lat' dir='ltr'><strong>Secula?</strong></span> <span class='ocrx_word' id='word_1_168' title='bbox 395 3033 449 3115; x_wconf 89' lang='lat' dir='ltr'><strong>qui</strong></span> <span class='ocrx_word' id='word_1_169' title='bbox 464 3033 542 3094; x_wconf 89' lang='lat' dir='ltr'><strong>tanti</strong></span> <span class='ocrx_word' id='word_1_170' title='bbox 556 3027 651 3096; x_wconf 83' lang='lat' dir='ltr'><strong>talem</strong></span> <span class='ocrx_word' id='word_1_171' title='bbox 665 3029 803 3117; x_wconf 59' lang='lat' dir='ltr'><strong>genabo</strong></span> <span class='ocrx_word' id='word_1_172' title='bbox 817 3035 984 3117; x_wconf 75' lang='lat' dir='ltr'><strong>parentent</strong></span> 
     </span>
    </p>

    <p class='ocr_par' dir='ltr' id='par_1_19' title="bbox 228 3119 1237 3321">
     <span class='ocr_line' id='line_1_26' title="bbox 228 3119 1237 3210; baseline 0 -14"><span class='ocrx_word' id='word_1_173' title='bbox 228 3131 265 3200; x_wconf 90' lang='lat' dir='ltr'><strong>lu</strong></span> <span class='ocrx_word' id='word_1_174' title='bbox 279 3133 359 3198; x_wconf 81' lang='lat' dir='ltr'><strong>freta</strong></span> <span class='ocrx_word' id='word_1_175' title='bbox 374 3131 448 3196; x_wconf 90' lang='lat' dir='ltr'><strong>dum</strong></span> <span class='ocrx_word' id='word_1_176' title='bbox 462 3129 549 3196; x_wconf 87' lang='lat' dir='ltr'><strong>fluvii</strong></span> <span class='ocrx_word' id='word_1_177' title='bbox 564 3143 701 3210; x_wconf 83' lang='lat' dir='ltr'><strong>current,</strong></span> <span class='ocrx_word' id='word_1_178' title='bbox 716 3130 791 3196; x_wconf 90' lang='lat' dir='ltr'><strong>dum</strong></span> <span class='ocrx_word' id='word_1_179' title='bbox 805 3132 962 3198; x_wconf 87' lang='lat' dir='ltr'><strong>montibus</strong></span> <span class='ocrx_word' id='word_1_180' title='bbox 976 3132 1094 3197; x_wconf 78' lang='lat' dir='ltr'><strong>umbre</strong></span> <span class='ocrx_word' id='word_1_181' title='bbox 1233 3119 1237 3132; x_wconf 80' lang='lat'>&#39;</span> 
     </span>
     <span class='ocr_line' id='line_1_27' title="bbox 228 3231 1034 3321; baseline 0 -20"><span class='ocrx_word' id='word_1_182' title='bbox 228 3235 421 3302; x_wconf 84' lang='lat' dir='ltr'><strong>Lustrabunt</strong></span> <span class='ocrx_word' id='word_1_183' title='bbox 434 3253 588 3314; x_wconf 83' lang='lat' dir='ltr'><strong>convexa,</strong></span> <span class='ocrx_word' id='word_1_184' title='bbox 601 3231 692 3319; x_wconf 90' lang='lat' dir='ltr'><strong>polus</strong></span> <span class='ocrx_word' id='word_1_185' title='bbox 706 3231 782 3300; x_wconf 90' lang='lat' dir='ltr'><strong>dum</strong></span> <span class='ocrx_word' id='word_1_186' title='bbox 796 3233 902 3300; x_wconf 89' lang='lat' dir='ltr'><strong>sidera</strong></span> <span class='ocrx_word' id='word_1_187' title='bbox 916 3247 1034 3321; x_wconf 80' lang='lat' dir='ltr'><strong>pascet,</strong></span> 
     </span>
    </p>

    <p class='ocr_par' dir='ltr' id='par_1_20' title="bbox 186 3334 1258 3631">
     <span class='ocr_line' id='line_1_28' title="bbox 186 3334 1164 3425; baseline 0.001 -21"><span class='ocrx_word' id='word_1_188' title='bbox 186 3391 188 3396; x_wconf 92' lang='lat'><em>.</em></span> <span class='ocrx_word' id='word_1_189' title='bbox 230 3340 361 3425; x_wconf 84' lang='lat' dir='ltr'><strong>Semper</strong></span> <span class='ocrx_word' id='word_1_190' title='bbox 376 3336 484 3417; x_wconf 85' lang='lat' dir='ltr'><strong>bonos,</strong></span> <span class='ocrx_word' id='word_1_191' title='bbox 499 3357 674 3422; x_wconf 86' lang='lat' dir='ltr'><strong>nomenque</strong></span> <span class='ocrx_word' id='word_1_192' title='bbox 689 3346 784 3417; x_wconf 91' lang='lat' dir='ltr'><strong>tuum,</strong></span> <span class='ocrx_word' id='word_1_193' title='bbox 799 3334 972 3423; x_wconf 88' lang='lat' dir='ltr'><strong>laudesque</strong></span> <span class='ocrx_word' id='word_1_194' title='bbox 986 3337 1164 3420; x_wconf 80' lang='lat' dir='ltr'><strong>manebunt,</strong></span> 
     </span>
     <span class='ocr_line' id='line_1_29' title="bbox 228 3440 1258 3525; baseline 0.001 -19"><span class='ocrx_word' id='word_1_195' title='bbox 228 3442 307 3525; x_wconf 79' lang='lat' dir='ltr'><strong>Quae</strong></span> <span class='ocrx_word' id='word_1_196' title='bbox 322 3462 372 3506; x_wconf 91' lang='lat' dir='ltr'><strong>me</strong></span> <span class='ocrx_word' id='word_1_197' title='bbox 387 3460 520 3525; x_wconf 88' lang='lat' dir='ltr'><strong>cumque</strong></span> <span class='ocrx_word' id='word_1_198' title='bbox 535 3453 648 3504; x_wconf 89' lang='lat' dir='ltr'><strong>vocant</strong></span> <span class='ocrx_word' id='word_1_199' title='bbox 663 3451 767 3505; x_wconf 81' lang='lat' dir='ltr'><strong>terrae.</strong></span> <span class='ocrx_word' id='word_1_200' title='bbox 791 3440 843 3504; x_wconf 91' lang='lat' dir='ltr'><strong>Sic</strong></span> <span class='ocrx_word' id='word_1_201' title='bbox 859 3441 949 3522; x_wconf 82' lang='lat' dir='ltr'><strong>fatus,</strong></span> <span class='ocrx_word' id='word_1_202' title='bbox 965 3445 1100 3507; x_wconf 88' lang='lat' dir='ltr'><strong>amicum</strong></span> <span class='ocrx_word' id='word_1_203' title='bbox 1194 3448 1258 3508; x_wconf 82' lang='lat' dir='ltr'><strong>eto</strong></span> 
     </span>
     <span class='ocr_line' id='line_1_30' title="bbox 230 3539 1023 3631; baseline 0.001 -22"><span class='ocrx_word' id='word_1_204' title='bbox 230 3544 350 3610; x_wconf 88' lang='lat' dir='ltr'><strong>llionea</strong></span> <span class='ocrx_word' id='word_1_205' title='bbox 363 3546 442 3631; x_wconf 87' lang='lat' dir='ltr'><strong>petit</strong></span> <span class='ocrx_word' id='word_1_206' title='bbox 456 3541 578 3624; x_wconf 73' lang='lat' dir='ltr'><strong>dem-i,</strong></span> <span class='ocrx_word' id='word_1_207' title='bbox 593 3539 735 3628; x_wconf 68' lang='lat' dir='ltr'><strong>levique</strong></span> <span class='ocrx_word' id='word_1_208' title='bbox 751 3544 924 3626; x_wconf 68' lang='lat' dir='ltr'><strong>Serestum</strong></span> <span class='ocrx_word' id='word_1_209' title='bbox 1019 3543 1023 3548; x_wconf 74' lang='grc'><strong>’</strong></span> 
     </span>
    </p>

    <p class='ocr_par' dir='ltr' id='par_1_21' title="bbox 230 3646 1123 3734">
     <span class='ocr_line' id='line_1_31' title="bbox 230 3646 1123 3734; baseline -0.002 -21"><span class='ocrx_word' id='word_1_210' title='bbox 230 3647 313 3728; x_wconf 79' lang='lat' dir='ltr'><strong>Pbst,</strong></span> <span class='ocrx_word' id='word_1_211' title='bbox 328 3646 416 3727; x_wconf 89' lang='lat' dir='ltr'><strong>alios,</strong></span> <span class='ocrx_word' id='word_1_212' title='bbox 429 3647 604 3732; x_wconf 80' lang='lat' dir='ltr'><strong>sortemque</strong></span> <span class='ocrx_word' id='word_1_213' title='bbox 617 3647 722 3733; x_wconf 78' lang='lat' dir='ltr'><strong>Gyen,</strong></span> <span class='ocrx_word' id='word_1_214' title='bbox 735 3647 910 3734; x_wconf 80' lang='lat' dir='ltr'><strong>sortemque</strong></span> <span class='ocrx_word' id='word_1_215' title='bbox 925 3647 1123 3714; x_wconf 84' lang='lat' dir='ltr'><strong>Cloanthum.</strong></span> 
     </span>
    </p>

    <p class='ocr_par' dir='ltr' id='par_1_22' title="bbox 230 3748 1192 3932">
     <span class='ocr_line' id='line_1_32' title="bbox 271 3748 1192 3838; baseline 0.008 -23"><span class='ocrx_word' id='word_1_216' title='bbox 271 3751 440 3837; x_wconf 88' lang='lat' dir='ltr'><strong>Obstupuit</strong></span> <span class='ocrx_word' id='word_1_217' title='bbox 454 3748 557 3838; x_wconf 68' lang='lat' dir='ltr'><strong>primi)</strong></span> <span class='ocrx_word' id='word_1_218' title='bbox 571 3748 723 3836; x_wconf 82' lang='lat' dir='ltr'><strong>adspectu</strong></span> <span class='ocrx_word' id='word_1_219' title='bbox 738 3751 867 3818; x_wconf 82' lang='lat' dir='ltr'><strong>Sidonis</strong></span> <span class='ocrx_word' id='word_1_220' title='bbox 880 3751 977 3832; x_wconf 89' lang='lat' dir='ltr'><strong>Dido,</strong></span> <span class='ocrx_word' id='word_1_221' title='bbox 1176 3777 1192 3822; x_wconf 77' lang='lat' dir='ltr'><strong>t</strong></span> 
     </span>
     <span class='ocr_line' id='line_1_33' title="bbox 230 3851 1016 3932; baseline 0.003 -16"><span class='ocrx_word' id='word_1_222' title='bbox 230 3851 318 3916; x_wconf 89' lang='lat' dir='ltr'><strong>Casu</strong></span> <span class='ocrx_word' id='word_1_223' title='bbox 331 3851 447 3917; x_wconf 88' lang='lat' dir='ltr'><strong>deinde</strong></span> <span class='ocrx_word' id='word_1_224' title='bbox 461 3855 523 3918; x_wconf 86' lang='lat' dir='ltr'><strong>viri</strong></span> <span class='ocrx_word' id='word_1_225' title='bbox 538 3865 639 3932; x_wconf 79' lang='lat' dir='ltr'><strong>tant03</strong></span> <span class='ocrx_word' id='word_1_226' title='bbox 661 3864 692 3916; x_wconf 92' lang='lat' dir='ltr'><strong>et</strong></span> <span class='ocrx_word' id='word_1_227' title='bbox 706 3856 752 3916; x_wconf 88' lang='lat' dir='ltr'><strong>sic</strong></span> <span class='ocrx_word' id='word_1_228' title='bbox 765 3873 820 3917; x_wconf 84' lang='lat' dir='ltr'><strong>ore</strong></span> <span class='ocrx_word' id='word_1_229' title='bbox 835 3852 939 3918; x_wconf 87' lang='lat' dir='ltr'><strong>locuta</strong></span> <span class='ocrx_word' id='word_1_230' title='bbox 953 3866 1016 3918; x_wconf 86' lang='lat' dir='ltr'><strong>est:</strong></span> 
     </span>
    </p>

    <p class='ocr_par' dir='ltr' id='par_1_23' title="bbox 229 3953 1257 4244">
     <span class='ocr_line' id='line_1_34' title="bbox 229 3953 1257 4041; baseline 0.006 -25"><span class='ocrx_word' id='word_1_231' title='bbox 229 3953 309 4036; x_wconf 82' lang='lat' dir='ltr'><strong>Quis</strong></span> <span class='ocrx_word' id='word_1_232' title='bbox 323 3965 364 4033; x_wconf 90' lang='lat' dir='ltr'><strong>te,</strong></span> <span class='ocrx_word' id='word_1_233' title='bbox 378 3966 450 4017; x_wconf 89' lang='lat' dir='ltr'><strong>nate</strong></span> <span class='ocrx_word' id='word_1_234' title='bbox 465 3953 535 4036; x_wconf 73' lang='lat' dir='ltr'><strong>deb,</strong></span> <span class='ocrx_word' id='word_1_235' title='bbox 548 3976 607 4041; x_wconf 86' lang='lat' dir='ltr'><strong>per</strong></span> <span class='ocrx_word' id='word_1_236' title='bbox 621 3965 707 4020; x_wconf 89' lang='lat' dir='ltr'><strong>tanta</strong></span> <span class='ocrx_word' id='word_1_237' title='bbox 717 3953 859 4039; x_wconf 89' lang='lat' dir='ltr'><strong>pericula</strong></span> <span class='ocrx_word' id='word_1_238' title='bbox 873 3975 964 4019; x_wconf 87' lang='lat' dir='ltr'><strong>casus</strong></span> <span class='ocrx_word' id='word_1_239' title='bbox 988 3999 994 4010; x_wconf 81' lang='lat'><strong>·</strong></span> <span class='ocrx_word' id='word_1_240' title='bbox 1192 3963 1257 4022; x_wconf 81' lang='lat' dir='ltr'><strong>ets</strong></span> 
     </span>
     <span class='ocr_line' id='line_1_35' title="bbox 231 4056 1141 4144; baseline 0 -22"><span class='ocrx_word' id='word_1_241' title='bbox 231 4057 428 4141; x_wconf 81' lang='lat' dir='ltr'><strong>insequitur?</strong></span> <span class='ocrx_word' id='word_1_242' title='bbox 441 4077 518 4140; x_wconf 82' lang='lat' dir='ltr'><strong>quae</strong></span> <span class='ocrx_word' id='word_1_243' title='bbox 532 4060 581 4122; x_wconf 89' lang='lat' dir='ltr'><strong>vis</strong></span> <span class='ocrx_word' id='word_1_244' title='bbox 595 4057 782 4124; x_wconf 87' lang='lat' dir='ltr'><strong>immanibus</strong></span> <span class='ocrx_word' id='word_1_245' title='bbox 798 4056 936 4144; x_wconf 86' lang='lat' dir='ltr'><strong>applicet</strong></span> <span class='ocrx_word' id='word_1_246' title='bbox 949 4061 1034 4124; x_wconf 83' lang='lat' dir='ltr'><strong>orist</strong></span> <span class='ocrx_word' id='word_1_247' title='bbox 1138 4085 1141 4094; x_wconf 59' lang='grc'><em>’</em></span> 
     </span>
     <span class='ocr_line' id='line_1_36' title="bbox 231 4155 968 4244; baseline 0.003 -20"><span class='ocrx_word' id='word_1_248' title='bbox 231 4159 323 4224; x_wconf 89' lang='lat' dir='ltr'><strong>Tune</strong></span> <span class='ocrx_word' id='word_1_249' title='bbox 336 4156 391 4223; x_wconf 90' lang='lat' dir='ltr'><strong>ille</strong></span> <span class='ocrx_word' id='word_1_250' title='bbox 406 4155 520 4224; x_wconf 83' lang='lat' dir='ltr'><strong>AEneas</strong></span> <span class='ocrx_word' id='word_1_251' title='bbox 535 4181 628 4244; x_wconf 87' lang='lat' dir='ltr'><strong>quem</strong></span> <span class='ocrx_word' id='word_1_252' title='bbox 640 4157 806 4228; x_wconf 87' lang='lat' dir='ltr'><strong>Dardanio</strong></span> <span class='ocrx_word' id='word_1_253' title='bbox 821 4157 968 4228; x_wconf 78' lang='lat' dir='ltr'><strong>Anchisae</strong></span> 
     </span>
    </p>
   </div>
   <div class='ocr_carea' id='block_1_3' title="bbox 0 0 1482 5132">
    <p class='ocr_par' dir='ltr' id='par_1_24' title="bbox 0 0 1482 5132">
     <span class='ocr_line' id='line_1_37' title="bbox 0 0 1482 5132; baseline 0 0"><span class='ocrx_word' id='word_1_254' title='bbox 0 0 1482 5132; x_wconf 95' lang='lat' dir='ltr'><strong> </strong></span> 
     </span>
    </p>
   </div>
  </div>
 </body>
</html>
