2914 5130
641 533 811 598 maasv.
1200 538 1258 595 205

224 693 315 763 Hane
331 693 398 774 tibi,
412 692 516 779 Eryx,
530 689 691 758 meliorem
707 695 843 758 animam
857 713 918 778 pro
931 703 1030 758 morte
1043 689 1173 758 Daretis

223 796 390 862 Persolvo:
414 795 467 860 hic
482 799 584 860 victor
597 807 711 860 seems
725 807 886 880 artemque
900 816 1031 882 repono.

261 901 414 966 Protenus
430 897 545 966 AEnses
558 898 656 964 ceieri
670 911 793 964 certare
806 899 919 987 sagitta
1194 906 1256 964 485

223 1003 332 1068 Invitat
347 1005 402 1088 qui
416 1002 498 1068 forts
512 1001 629 1083 velint,
649 1015 682 1068 et
696 1007 826 1088 premia
839 1004 943 1089 pouit:

224 1106 406 1194 Ingentique
419 1126 513 1172 mortu
527 1104 643 1172 maium
657 1105 699 1172 de
712 1125 794 1170 nere
810 1106 927 1172 Seresti

222 1208 337 1296 Erigit3
359 1221 391 1272 et
404 1207 565 1274 volucrem
579 1209 711 1296 trajecto
726 1211 758 1274 in
773 1209 847 1274 sune
860 1207 1047 1290 columbam,

220 1313 288 1395 Qud
303 1310 434 1378 tendant
448 1311 576 1392 terrun,
589 1310 673 1378 meio
685 1309 846 1398 suspendit
860 1313 903 1377 ab
917 1311 991 1378 alto.

220 1413 408 1480 Convenere
422 1417 494 1495 riri,
507 1413 726 1501 dejectamque
739 1436 824 1480 aerea
838 1426 954 1480 sortem

219 1519 355 1603 Accepit
368 1515 478 1603 galea:
500 1529 533 1582 et
546 1517 663 1603 primus
677 1515 817 1584 clamore
831 1515 971 1584 seeundo

220 1619 410 1707 Hyrtaeirk
426 1632 498 1686 ante
513 1639 623 1685 omnes
637 1622 705 1684 erit
718 1617 805 1686 iocus
820 1619 1071 1706 Hippocoontisz
1118 1689 1123 1698 ,

219 1723 320 1806 Quem
335 1721 429 1790 modo
443 1722 549 1792 navali
564 1723 746 1790 Mnestheus
760 1723 933 1796 certamine
947 1725 1047 1790 vietor
1067 1809 1068 1812 Ἴ

219 1825 440 1912 Consequitur,
453 1823 548 1890 vin'di
562 1825 745 1892 Mnestheus
760 1828 900 1892 evinctus
914 1825 1008 1892 olivi.

218 1927 346 1992 Tertius
361 1927 527 2014 Eurytion,
540 1939 620 2008 tuus,
634 1950 654 1992 ο
668 1927 850 2008 clarissime,
864 1927 972 2008 irater,

219 2031 375 2110 Pandare,
390 2031 443 2116 qui
457 2029 624 2116 quondam,
634 2031 740 2118 jtrssus
753 2027 945 2096 contundere
959 2027 1072 2110 tedas,

219 2134 253 2200 ln
268 2132 391 2198 medios
405 2131 500 2198 telum
514 2134 630 2198 torsisti
645 2135 765 2220 primus
778 2131 929 2198 Achivos

218 2237 387 2304 Extremus
399 2234 553 2322 gatetque
568 2235 631 2302 ima
645 2235 786 2302 subsedit
800 2238 949 2316 Acestes3

217 2345 321 2429 Ausus
335 2352 367 2405 et
381 2341 447 2426 ipse
463 2361 558 2404 manu
566 2341 716 2426 juvenum
732 2352 852 2406 tentare
867 2339 1021 2406 laborem.

215 2442 301 2510 Turn
313 2443 429 2510 validis
444 2443 543 2508 flexos
556 2447 721 2510 incurrant
735 2445 856 2512 viribus
870 2465 964 2510 arcus

217 2549 280 2613 Pro
294 2570 330 2614 se
346 2549 480 2634 quisque
494 2546 564 2626 viri,
579 2559 611 2612 et
624 2546 811 2632 depromunt
824 2547 888 2614 teia
901 2547 1079 2634 pharetris:

218 2651 385 2736 Primaque
399 2671 458 2735 per
470 2647 585 2714 ooelum
598 2669 698 2714 nervo
710 2647 862 2716 stridente
875 2653 990 2737 sagitta

216 2753 408 2841 Hyrtacidae
419 2753 543 2840 juvenis
557 2751 701 2818 volucres
714 2752 898 2820 diverberat
912 2775 1015 2836 auras,

217 2857 258 2924 Et
272 2858 366 2938 venit,
380 2855 568 2944 adversique
583 2856 719 2943 infigitur
732 2857 847 2922 arbore
860 2857 948 2923 mali.

215 2961 377 3026 intremuit
391 2961 502 3041 malus,
515 2960 677 3046 timuitque
692 2962 841 3028 exterrita
856 2965 966 3048 pennu

218 3063 304 3144 Ales,
319 3076 351 3128 et
363 3065 480 3152 ingenti
494 3077 664 3130 sonuerunt
677 3065 781 3136 omnia
795 3065 916 3150 plausu.

218 3165 292 3232 Post
307 3189 383 3232 acer
398 3167 579 3234 Mnesthetu
594 3167 732 3234 adducto
745 3169 881 3235 cotutitit
894 3191 980 3252 arcu,

219 3269 291 3336 Alta
305 3283 436 3358 petens3
456 3271 638 3358 pariterque
651 3269 759 3336 oeulos
773 3270 929 3358 telumque
943 3273 1089 3340 tetendit:

216 3377 276 3438 Ast
289 3375 391 3460 ipsam
405 3371 601 3440 miserandus
614 3395 707 3440 avem
720 3374 899 3461 contingere
912 3376 998 3441 ferro

216 3477 289 3544 Non
303 3477 423 3559 valuit3
443 3475 543 3544 nodos
556 3490 589 3542 et
602 3477 728 3544 vincula
743 3477 825 3544 linea
839 3479 930 3564 rupit,

218 3579 316 3662 Queis
330 3579 446 3644 innexa
459 3577 574 3664 pedem
588 3577 671 3646 maio
684 3578 843 3664 pendebat
857 3581 899 3644 ab
913 3579 989 3646 aito.

219 3680 277 3748 illa
291 3681 390 3748 Notos
405 3694 499 3769 atque
514 3695 585 3748 atra
598 3680 707 3748 volans
719 3686 753 3746 in
767 3681 875 3748 nubila
889 3684 976 3770 fugit.

218 3784 299 3850 Turn
313 3783 455 3870 rapidus,
463 3781 649 3871 jamdudum
663 3805 740 3850 areu
753 3796 899 3850 contenta
912 3799 1025 3870 pareto

218 3885 299 3954 Teia
314 3899 434 3966 tenens,
446 3887 575 3952 fratrem
590 3887 744 3972 Eurytion
758 3887 790 3950 in
804 3900 877 3951 vota
892 3891 1025 3970 vocavit,

214 3989 290 4054 Jarn
305 4011 407 4054 vacuo
421 3988 524 4056 laetam
537 3989 620 4058 coelo
634 3988 829 4078 speculatus3
850 4002 881 4055 et
896 3987 954 4055 al‘u

218 4089 425 4158 Plaudentem
437 4091 529 4180 nigre
539 4093 604 4180 figit
618 4094 677 4157 sub
690 4091 774 4158 nube
787 4091 976 4158 columbam.

216 4191 348 4260 Decidit
362 4195 522 4274 exanimis,
536 4197 695 4280 vitamque
708 4191 835 4280 reliquit
848 4196 881 4260 in
895 4195 986 4262 astris
