2992 5102
632 439 790 500 ECLOGA
810 441 872 498 Vll.

253 599 333 675 Aut,
348 595 375 659 si
390 594 469 658 ultra
485 591 630 678 placitum
646 588 785 666 laudririt,
802 590 933 654 baccare
949 587 1078 656 frontem

256 702 396 786 cingite,
412 722 450 765 ne
466 699 529 764 vati
543 711 653 763 noceat
668 697 747 760 mala
763 696 866 782 lingua
881 695 991 762 luturo.

664 820 831 864 coarnou.

260 907 364 972 Setosi
380 920 472 992 eaput
487 906 547 968 hoc
564 905 628 990 apri
644 903 708 980 tibi,
719 903 824 981 Delia,
840 925 952 988 parvus

262 1015 308 1079 Et
323 1033 442 1078 ramosa
458 1009 565 1074 Micon
581 1010 695 1074 vivacis
709 1031 825 1074 cornua
840 1010 947 1073 cervi:

259 1119 295 1184 Si
311 1119 467 1204 proprium
482 1117 543 1180 lroc
557 1114 658 1194 luerit,
674 1114 734 1178 leri
751 1115 791 1178 de
807 1135 958 1180 marmore
971 1129 1033 1180 tota

263 1227 404 1291 Puniceo
419 1224 514 1288 stabis
529 1243 612 1288 suras
627 1223 749 1286 evincta
764 1221 923 1285 cothurno.

676 1345 834 1389 rurasrs.

264 1432 374 1498 Sinum
388 1434 475 1497 lactis
487 1444 518 1494 et
531 1432 596 1496 hrec
613 1445 643 1496 ts
659 1431 731 1508 libs,
747 1429 871 1514 Priape,
887 1429 1047 1514 quotannis

264 1537 457 1620 Exspectare
473 1550 520 1599 sat
536 1551 604 1600 est:
628 1550 730 1600 custos
746 1555 780 1598 es
794 1535 938 1619 pauperis
952 1534 1042 1599 horti.

265 1643 360 1706 Nunc
375 1659 404 1707 te
418 1664 624 1707 marmoreum
640 1664 696 1728 pro
712 1657 849 1726 tempore
867 1639 1017 1726 lecimus5
1040 1657 1070 1708 at
1085 1656 1127 1722 tu,

265 1749 304 1814 Si
317 1748 411 1812 letura
425 1769 549 1834 gregem
564 1747 761 1834 suppleverit,
773 1768 883 1810 aureus
900 1761 974 1812 esto.

603 1905 606 1912 .
670 1871 838 1914 cuurnorr.

260 1955 383 2020 Nerine
399 1955 537 2035 Galatea,
552 1957 659 2043 thymo
675 1955 748 2018 milri
765 1955 882 2018 dulcior
898 1951 1018 2036 Hybla,

261 2062 433 2128 Candidior
448 2065 564 2146 cycnis,
580 2060 696 2126 hedera
710 2058 871 2125 formosior
887 2057 966 2136 alba,

262 2166 372 2243 Quum
387 2166 521 2252 primurn
536 2167 613 2248 pasti
628 2179 765 2250 repetent
776 2165 924 2250 presepia
940 2166 1027 2243 tauri,

260 2271 298 2336 si
316 2291 379 2355 qua
393 2272 440 2351 tui
454 2266 627 2350 Corydonis
640 2269 730 2333 habet
744 2284 776 2332 te
792 2290 878 2346 cura,
893 2269 1005 2334 venito.

677 2391 834 2434 rarnsrs.

259 2478 367 2542 Immo
382 2497 441 2562 ego
456 2475 581 2540 Sardois
596 2476 700 2542 ridear
714 2478 768 2541 tibi
784 2477 914 2542 amarior
928 2476 1040 2556 herbis,

262 2581 428 2646 Horridior
442 2604 544 2660 msco,
558 2583 698 2670 projectis
711 2585 799 2648 vilim
814 2582 893 2670 algis,

263 2687 305 2752 Si
319 2687 389 2750 mihi
405 2709 463 2753 uon
478 2689 544 2754 haee
560 2690 614 2753 lux
629 2702 693 2753 toto
703 2688 770 2774 jam
784 2691 900 2775 longior
915 2713 993 2755 anno
1009 2705 1064 2758 est.

262 2791 313 2854 lte
328 2791 463 2872 domum,
478 2795 567 2878 pasti,
582 2795 607 2858 si
624 2795 691 2879 quis
706 2793 815 2879 pudor,
832 2796 883 2873 ite,
894 2795 1029 2882 juvenci.

659 2919 838 2968 ,ooaroom

263 2998 404 3066 Muscosi
420 2999 529 3080 loures,
545 3017 577 3066 ct
591 3023 698 3066 somno
714 3005 833 3069 mollior
847 3005 953 3084 herba,

265 3102 315 3168 Et
329 3127 392 3189 que
407 3129 462 3170 vos
476 3105 545 3172 rard
559 3110 662 3173 viridis
677 3111 750 3194 tegit
762 3112 885 3175 arbutus
899 3111 1017 3188 umbra,

265 3211 435 3275 Solstitium
451 3214 553 3297 pecori
570 3213 746 3280 defendite:
763 3215 831 3301 jam
846 3218 927 3281 venit
941 3231 1027 3280 estas

263 3317 412 3396 Torri‘da,
423 3317 487 3406 jam
499 3319 566 3384 lato
582 3334 704 3404 turgent
714 3323 745 3385 in
760 3321 883 3407 palmite
899 3343 1038 3408 gemma.

679 3443 834 3488 rarnsrs.

264 3525 332 3594 Hie
350 3524 447 3604 locus,
463 3541 495 3589 et
505 3528 588 3591 teda
605 3529 754 3613 pingues;
778 3527 827 3594 hic
843 3530 988 3616 plurimus
1003 3533 1079 3616 ignis

266 3631 411 3716 Semper,
428 3644 459 3694 et
474 3630 597 3695 assidui
610 3649 713 3718 postes
729 3634 852 3718 fuligine
868 3635 943 3720 nigri
957 3658 968 3714 ;

266 3735 330 3800 Hic
342 3737 456 3802 tantt'rm
474 3733 584 3801 Boreae
600 3759 741 3802 curamus
757 3738 877 3825 frigora,
894 3739 1037 3825 quantiam

261 3841 330 3906 Aut
344 3865 505 3908 numerum
521 3844 619 3929 lupus,
635 3861 686 3910 aut
701 3849 844 3911 torrentia
859 3847 983 3912 flumina
998 3848 1087 3932 ripas.

666 3969 835 4013 cosroen.

258 4051 351 4116 Stant
366 4065 398 4116 et
407 4049 559 4137 juniperi,
573 4065 603 4113 et
617 4067 765 4117 cananea
779 4053 899 4117 hirsute
907 4076 917 4133 ;

257 4155 361 4222 Strata
371 4156 483 4242 jacent
498 4155 611 4237 passim
626 4178 680 4221 sua
696 4155 816 4242 quaque
832 4156 888 4221 sub
903 4158 1009 4224 arbore
1024 4179 1136 4244 poma5
