2992 5102
190 479 255 534 32¹

585 479 870 544 nuconrconunt
946 463 949 470 ’

572 899 812 984 ECLOGA
839 899 890 978 X.
1104 912 1127 954 Χ

657 1223 795 1272 otacus.

238 1352 429 1416 Excannurr
445 1349 537 1428 hunc,
548 1351 712 1428 Arethusa,
728 1353 801 1417 mihi
816 1355 954 1420 concede
970 1359 1128 1422 laborem:

237 1457 343 1521 Pauca
359 1478 428 1520 meo
445 1457 545 1532 Gallo,
562 1457 616 1520 sed
633 1479 698 1542 qua
714 1459 796 1541 legat
810 1459 876 1544 ipsa
892 1461 1032 1544 Lycoris,

237 1561 383 1626 Carmina
398 1576 467 1626 sunt
482 1562 612 1627 dicanda
627 1585 634 1624 :
657 1577 748 1646 neget
764 1565 831 1647 quis
846 1568 982 1630 carmina
998 1569 1112 1633 Gallo?

238 1668 291 1731 Sic
307 1668 370 1746 tibi,
382 1689 475 1754 quum
490 1668 599 1732 fluctus
614 1666 820 1732 subterlabere
837 1668 976 1749 Sicanos,

237 1771 331 1836 Doris
347 1793 449 1836 amara
464 1793 551 1836 suam
566 1793 624 1835 non
641 1773 846 1836 intermisceat
861 1774 974 1838 undam
988 1777 995 1838 !

238 1875 343 1963 Incipe
358 1899 366 1939 a
391 1878 536 1942 sollicitos
548 1877 627 1941 Galli
644 1878 784 1942 dicamus
800 1901 932 1961 amores,

237 1981 324 2047 Dum
339 1999 444 2047 tenera
459 1984 615 2048 attondent
628 1983 710 2048 siurae
726 1984 851 2067 virgulta
868 1986 1006 2070 capella.

238 2089 310 2158 Non
326 2091 463 2155 canimus
479 2089 597 2168 surdis;
620 2090 804 2174 respondent
818 2093 920 2154 omnia
935 2093 1026 2156 silve.

282 2190 361 2272 Qua
377 2214 513 2272 nemora,
528 2208 580 2257 aut
595 2193 646 2276 qui
657 2213 711 2256 vos
727 2191 819 2256 saltus
834 2194 979 2274 habuere,
995 2195 1102 2280 puelle

238 2297 369 2373 Naides,
384 2297 507 2381 indigno
523 2317 616 2382 quum
632 2295 739 2360 Gallus
755 2317 858 2360 amore
874 2300 1012 2383 periret?

239 2399 322 2464 Nam
337 2421 437 2485 neque
454 2400 597 2464 Parnassi
612 2401 697 2464 vobis
708 2401 794 2486 juga,
810 2424 880 2466 narn
896 2425 995 2487 aequa
1012 2404 1102 2471 Pindi

238 2501 310 2568 Ulla
326 2525 441 2570 moram
457 2504 571 2583 secere,
587 2525 687 2589 neque
703 2506 802 2570 Aonia
814 2506 987 2593 Aganippe.

239 2608 327 2680 Illum
343 2613 434 2675 etiam
450 2611 537 2688 lauri,
554 2610 645 2672 etiam
657 2609 770 2674 flevere
787 2611 932 2695 myricae3

239 2715 356 2780 Pinifer
371 2716 453 2780 illurn
472 2717 563 2783 etiarn
579 2713 644 2780 sold
659 2717 714 2780 sub
730 2738 806 2800 rupe
816 2717 972 2802 jacentem

238 2820 386 2886 Maenalus
401 2835 433 2884 ct
448 2820 539 2904 gelidi
555 2818 703 2892 fleuerunt
719 2843 794 2884 sarra
808 2821 927 2905 Lycei.

240 2925 328 2990 Stant
343 2939 373 2988 et
388 2945 461 2989 oves
477 2924 613 3005 circum3
635 2925 726 2987 nostri
742 2947 801 2988 neo
815 2927 943 3009 poenitet
958 2927 1044 2991 illas:

135 3045 138 3054 '
238 3031 309 3096 Nec
324 3045 355 3096 te
371 3031 518 3115 poeniteat
533 3029 664 3116 pecoris,
681 3030 781 3094 divine
797 3033 910 3114 poita3

239 3135 281 3200 Et
297 3137 445 3200 formosus
460 3156 534 3209 oves
549 3135 587 3198 ad
604 3135 728 3202 flumina
743 3135 824 3219 pavit
838 3135 966 3202 Adonis.

282 3241 375 3307 Venit
387 3260 417 3305 ct
433 3241 545 3325 upili03
568 3241 644 3304 tardi
660 3238 772 3304 vendre
788 3240 910 3304 bubulci
924 3266 934 3321 3
1036 3293 1041 3302 .

238 3347 358 3412 Uvidus
374 3345 500 3411 hiberni
515 3347 596 3409 venit
611 3346 650 3410 de
662 3345 772 3429 glande
788 3345 946 3410 Menalcas
961 3370 968 3408 :

241 3455 369 3530 Omnes,
385 3449 477 3515 Unde
493 3471 578 3513 amor
594 3451 661 3528 iste,
677 3465 793 3533 rogant,
809 3450 887 3515 tibi?
910 3447 1003 3515 Venit
1018 3451 1150 3537 Apollo:

242 3557 343 3634 Galle,
360 3556 431 3642 quid
446 3553 583 3619 insanis?
607 3555 724 3638 inquit:
748 3570 798 3620 tua
814 3576 889 3618 cura
904 3553 1035 3638 Lycoris

241 3662 365 3747 Perque
381 3661 465 3724 nives
481 3657 572 3722 alium
588 3680 703 3746 perque
720 3659 842 3724 horrida
857 3673 956 3724 castra
971 3675 1077 3726 secuta
1092 3675 1147 3726 est.

239 3763 334 3828 Venit
349 3780 378 3828 et
395 3766 504 3849 agresti
515 3764 627 3848 'capitis
644 3764 784 3828 Silvanus
799 3765 925 3840 honore,

241 3867 403 3934 Florentes
419 3869 530 3934 ferulas
546 3862 576 3932 ct
592 3869 716 3952 grandia
731 3868 792 3932 lilia
808 3888 963 3952 quassans.

243 3975 321 4052 Pau,
339 3975 414 4038 deus
430 3973 581 4062 Arcadiae,
598 3975 689 4051 venit,
707 3995 803 4057 quern¹
813 3972 943 4035 vidimus
958 3971 1014 4056 ipsi

243 4079 424 4162 Sanguineis
440 4063 520 4142 obtrli
534 4078 638 4144 baccis
655 4061 806 4162 mlitioque
823 4078 1003 4140 rubentem:

243 4183 360 4269 Ecquis
376 4181 433 4245 erit
448 4183 581 4246 modus?
605 4183 699 4266 inquit
712 4205 721 4262 ς
744 4182 840 4246 Amor
855 4201 914 4246 nott
930 4181 1001 4246 talia
1016 4195 1123 4245 curat:

1238 1783 1259 1839 5
