2992 5102
669 470 786 544 meets
806 465 842 533 ll.

309 623 399 692 Solen
412 637 517 690 nuoenr
532 621 635 703 tellus,
650 637 682 688 et
697 644 763 709 que
777 622 954 708 perhibetur
969 641 1082 704 unns,

264 728 419 814 Frugibus
433 727 541 794 infelix
554 724 610 812 (ec
624 747 684 792 neo
699 727 883 794 mansuescit
897 729 1023 808 nendo,

265 833 339 900 Nee
355 833 480 899 Bneebo
493 852 604 917 genus,
620 845 672 898 eut
686 833 786 918 pomis
800 854 856 898 sinn
869 835 1005 912 nornine,
1020 832 1147 922 seruet),
1229 837 1296 900 240

266 933 348 1002 Tele
362 937 445 1002 debit
459 937 640 1022 specimen:
663 949 695 1000 tu
710 937 807 1021 spisse
822 938 935 1004 nimine
951 939 1060 1022 quelos
1338 935 1344 940 ’

267 1037 407 1126 Colcque
422 1041 583 1124 prelorum
600 1037 726 1104 fumosis
741 1040 848 1126 deripe
863 1041 974 1121 tectis3

268 1140 341 1209 linc
356 1163 430 1228 eger
445 1143 497 1208 ills
512 1142 622 1219 melus,
637 1142 806 1229 dulcesque
822 1141 983 1208 eloutibus
997 1145 1096 1226 unde,

266 1247 319 1312 Ad
334 1249 457 1332 plenum
474 1247 650 1312 calcentur:
674 1269 754 1332 nque
769 1247 950 1315 eluctabitur
965 1251 1062 1316 omnis

266 1352 404 1431 Scilicet,
420 1368 452 1418 et
465 1353 596 1438 grandes
611 1353 697 1417 ibunt
711 1353 890 1438 pervincius
905 1365 1018 1438 gutte3
1226 1359 1294 1420 ste

268 1458 311 1522 At
323 1480 413 1544 sopor
426 1459 573 1524 iudicium
589 1455 682 1524 societ
697 1455 885 1534 manifestus,
901 1472 1002 1524 etone

266 1559 383 1628 'Pristin
397 1561 562 1628 tentantem
579 1581 671 1628 sensu
686 1562 838 1646 torquebit
852 1583 981 1628 amaror.

269 1665 399 1752 Pinguis
411 1668 483 1732 item
496 1689 563 1754 que
579 1669 618 1732 sit
634 1665 734 1744 tellus,
749 1667 809 1730 boo
824 1668 957 1754 deniqne
971 1682 1063 1752 pecto

269 1769 448 1836 Diximus:
468 1773 547 1836 bend
564 1792 699 1856 unquam
714 1770 852 1836 menibus
862 1771 977 1858 jactate
992 1771 1112 1850 fatiscit,

267 1875 338 1940 Sed
355 1877 430 1960 picis
445 1877 473 1940 in
487 1897 605 1942 rnorem
622 1876 663 1941 ed
675 1876 783 1960 digitos
798 1875 936 1942 lentescit
951 1876 1102 1942 babendo.
1228 1881 1299 1968 ²⁵⁰.

270 1979 410 2046 llurttidn
424 1981 555 2068 majores
570 1980 682 2050 herbas
696 1980 760 2058 ulit,
774 1982 900 2066 ipseque
912 1980 995 2066 justo

268 2084 404 2150 benur:
424 2087 485 2150 nh!
509 2084 633 2150 minium
650 2105 689 2148 ne
704 2085 742 2148 sit
757 2085 830 2149 mihi
846 2083 951 2148 fertilis
966 2084 1027 2162 illa,

266 2189 342 2256 Neu
357 2213 391 2256 se
409 2190 600 2276 navatem
615 2190 719 2276 primis
733 2191 875 2256 ostendat
890 2190 1006 2254 cristis!

267 2295 349 2372 Qun
366 2297 469 2379 gravis
484 2310 541 2371 est,
552 2297 616 2380 ips'o
628 2297 749 2360 taciturn
766 2317 799 2360 se
815 2296 951 2380 pondere
968 2296 1077 2380 prodit,

263 2401 511 2486 Quoquelevis.
533 2399 711 2487 Promptum
722 2415 769 2466 est
780 2402 876 2466 oculis
887 2402 1069 2486 prediscere
1079 2402 1206 2487 nigrum,
1228 2403 1294 2470 255

265 2507 313 2572 Et
323 2507 393 2593 quis
407 2509 457 2572 cui
472 2507 577 2572 color:
600 2521 630 2572 nt
645 2506 827 2572 sceleratum
844 2509 1005 2593 exquirere
1022 2506 1115 2592 frigus

176 2691 183 2700 ι
265 2611 404 2678 Difficile
419 2626 488 2693 est3
510 2613 605 2697 pieeae
620 2611 748 2690 tentum,
763 2614 888 2698 texique
904 2627 1049 2678 nocentes

265 2715 435 2795 interdum,
450 2733 501 2783 eut
515 2717 637 2782 hedere
652 2717 790 2802 pandunt
804 2719 930 2802 vestigio
945 2719 1048 2804 nigre.

314 2821 374 2886 llis
388 2822 615 2902 animaduersis,
631 2838 743 2889 terrum
760 2822 854 2914 multd
870 2824 938 2888 ente
956 2839 1110 2890 memento

266 2925 470 3013 Exooquere,
486 2942 518 2992 et
532 2949 659 3014 magnos
674 2930 831 2996 scrobibus
845 2930 1009 2996 concidere
1024 2945 1154 3012 montes,
1228 2931 1294 2993 260

264 3032 351 3098 Ante
367 3033 519 3118 supinatus
535 3034 666 3118 aquiloni
682 3033 844 3098 ostendere
859 3034 974 3118 glebas,

265 3135 375 3212 Quen
390 3139 489 3202 letum
504 3135 634 3203 infodies
648 3139 717 3202 vitis
732 3160 844 3222 genus:
866 3140 980 3224 optime
994 3139 1074 3222 putri

264 3242 355 3306 Arva
369 3240 457 3320 solo;
478 3241 508 3305 id
525 3242 739 3319 tenticulum,
754 3241 922 3328 gelideque
937 3244 1061 3326 pruine,
1144 3269 1147 3276 ’

264 3346 313 3412 Et
326 3346 477 3412 lebeleetu
492 3367 618 3412 movens
632 3349 773 3414 robustus
783 3347 892 3434 jugere
908 3346 1015 3410 fossor.

310 3451 365 3528 At,
380 3453 404 3516 si
420 3473 497 3536 quos
511 3453 593 3518 hnud
609 3453 669 3518 ulls
685 3455 764 3516 viros
780 3451 930 3538 vigilantia
947 3450 1031 3536 sugit,
1226 3449 1291 3512 265

264 3553 349 3621 Ante
366 3555 469 3620 locem
484 3557 613 3622 similem
630 3557 801 3641 exquirunt,
817 3553 868 3620 ubi
884 3557 981 3640 prime
995 3567 1119 3640 paretur

264 3660 437 3724 Arboribus
452 3681 551 3744 seges,
568 3675 599 3730 et
612 3659 672 3746 qud
688 3681 762 3724 mox
778 3661 894 3746 digesta
911 3659 1042 3738 lerntnr;

263 3763 419 3830 Mutetem
433 3765 571 3849 ignorent
587 3763 686 3829 subitd
702 3787 740 3828 ne
756 3763 872 3828 semina
887 3778 1038 3830 matrem:

262 3867 353 3944 Quin
368 3870 460 3934 etictn
476 3869 546 3934 oceli
560 3849 715 3954 regienses
731 3872 761 3934 in
777 3871 891 3934 cortice
907 3871 1048 3953 signent;

255 3963 309 4038 Ut
324 3991 387 4058 quo
402 3993 529 4056 queque
544 3973 637 4038 modo
652 3977 778 4051 steterit,
795 3971 855 4058 quit
869 3987 955 4056 perte
971 3971 1089 4037 colores
1225 3979 1291 4040 27⁰
1362 4005 1371 4018 ·

255 4078 433 4144 Austrinos
447 4075 558 4156 tulerit,
574 4099 640 4162 que
655 4093 741 4162 terge
756 4076 919 4141 obverterit
935 4077 995 4156 exi,

255 4181 446 4248 Restituunt
459 4202 468 4245 t
490 4179 566 4248 eded
582 4183 612 4246 in
629 4184 741 4249 teneris
756 4202 960 4248 consuescere
976 4183 1103 4250 inultum
1120 4185 1188 4250 est!
