2956 5132
528 585 533 594 .
624 517 740 598 ,WB
758 521 795 592 11-
1194 534 1249 606 ttr

203 674 357 754 ,tredan
370 670 591 754 amervabentt
614 667 676 739 huc
691 668 828 768 undique
842 671 942 753 Troia
951 695 1034 761 gaze

210 780 350 848 incensis
365 788 470 862 erepte
483 772 601 880 adytis,
614 793 792 860 mensaeque
802 773 942 858 deorum,

206 885 512 968 cmmnqneauro
526 873 938 968 eminentiumque&
1188 889 1248 947 ⁷⁶⁵

210 987 414 1074 congeritur:
437 982 528 1069 pueri
543 980 707 1070 etpavida
721 981 814 1072 longo
827 983 936 1070 ordine
949 995 1069 1070 matres

214 1084 447 1176 Stantcircqrp.
582 1135 586 1144 .
890 1141 893 1148 .
958 1115 962 1124 ·

211 1195 311 1258 Ausus
326 1192 402 1278 quin
416 1189 510 1278 etiqm
523 1209 618 1274 vocet
627 1189 751 1274 jactare
765 1208 823 1274 per
836 1189 987 1277 umbram,

213 1295 340 1382 Implevi
356 1293 494 1358 clamore
509 1296 587 1380 viae,
597 1305 785 1378 mteattuque
801 1291 954 1378 Creiisam

212 1397 433 1482 Nequidquam
448 1397 640 1482 ingeminans
654 1396 826 1480 iterumque
841 1395 1012 1482 iterumque
1026 1402 1147 1467 vocavi.
1186 1406 1248 1464 770

213 1499 370 1582 Quaerenti
385 1511 417 1562 et
430 1499 520 1562 tectis
535 1497 622 1561 urbis
636 1495 701 1560 eine
716 1495 776 1560 fine
791 1496 905 1562 furenti

214 1601 324 1666 inseiix
335 1600 533 1666 simtdacrum
548 1611 642 1683 atque
658 1597 754 1682 ipsius
769 1599 880 1663 umbra
895 1597 1024 1664 Creusae

214 1703 292 1770 Visa
306 1704 384 1770 mihi
398 1717 470 1768 ante
484 1703 601 1784 oculos,
616 1714 648 1765 et
661 1701 734 1766 nota
749 1702 848 1788 major
862 1705 977 1790 imago.

213 1805 376 1892 Obstupui,
390 1819 603 1890 steteruntque
618 1824 726 1884 comae,
741 1816 773 1867 et
787 1825 849 1870 vox
864 1805 1008 1872 saucibus
1023 1805 1122 1872 hesit.

213 1908 295 1974 Tum
309 1913 357 1972 sic
370 1907 470 1988 affari,
484 1921 515 1971 et
530 1927 625 1971 curas
639 1905 689 1970 his
704 1903 831 1970 demere
845 1905 951 1972 dictis:
1191 1916 1249 1974 775

214 2010 296 2094 Quid
311 2009 428 2076 tantitm
443 2012 552 2076 insano
562 2011 652 2097 juvat
666 2007 826 2095 indulgere
841 2008 951 2092 dolori,

214 2112 358 2179 Odulcie
371 2115 509 2199 conjuxt
530 2135 593 2178 non
607 2111 676 2176 hoec
691 2112 757 2176 sine
771 2113 895 2178 numine
910 2112 1016 2179 divdm

215 2213 387 2280 Eveniunt:
410 2237 468 2279 nec
483 2227 513 2278 te
529 2213 602 2278 hinc
617 2214 762 2278 comitem
776 2226 938 2299 asportare
953 2215 1106 2282 Creusam

215 2316 284 2398 Fas,
299 2331 354 2382 aut
369 2315 421 2380 ille
436 2317 506 2380 sinit
519 2316 625 2402 superi
638 2329 785 2402 regnator
800 2315 941 2403 Olympi.

212 2419 324 2505 longa
338 2419 399 2482 tibi
413 2417 530 2498 exsilia,
545 2431 576 2482 et
589 2431 711 2483 vastum
727 2419 821 2482 maris
835 2439 942 2504 aequor
956 2419 1128 2486 arandum:
1191 2431 1250 2488 780

214 2521 254 2586 Et
268 2534 389 2585 terram
404 2520 590 2606 Hesperiam
606 2521 722 2599 venies,
737 2519 791 2584 ubi
807 2519 941 2606 Lydius,
955 2544 1032 2588 arva

214 2623 297 2688 luter
311 2623 417 2709 opima
430 2622 540 2703 virdun,
555 2621 617 2687 leni
634 2621 701 2684 fluit
715 2625 837 2707 agmine
852 2624 982 2710 Tybris.

216 2725 282 2792 illic
296 2749 349 2792 res
363 2728 452 2808 laetae,
466 2746 668 2813 regnumque,
682 2738 715 2789 et
728 2727 813 2811 regia
828 2728 943 2814 conjux

217 2829 311 2896 Parta
326 2831 400 2895 tibi:
423 2831 584 2917 lacrymae
598 2827 723 2894 dilectae
737 2829 821 2915 pelle
836 2828 976 2898 Cremae.

216 2932 285 3000 Non
300 2956 360 3022 ego
374 2933 611 3020 Myrmidonum
625 2931 716 2998 sedes
729 2931 927 3019 Dolopumve
942 2939 1092 3022 superbas
1191 2946 1250 3004 785

218 3039 407 3126 Adspiciam,
417 3054 470 3105 aut
483 3041 587 3106 Graiis
602 3041 749 3104 servitum
763 3040 913 3106 matribus
928 3043 990 3124 ibo,
1190 3037 1193 3044 ’

218 3140 386 3224 Dardanis,
400 3157 431 3208 et
446 3143 527 3208 divae
542 3141 677 3208 Veneris
691 3164 806 3207 nurus:

220 3245 279 3310 Sed
293 3269 344 3312 me
359 3267 472 3332 magna
486 3245 581 3312 dedm
594 3245 736 3334 genetrix
751 3244 800 3310 his
811 3245 926 3314 detinet
939 3251 1013 3314 oris.

218 3350 349 3438 Jamque
363 3351 446 3432 vale,
460 3365 490 3416 et
505 3352 569 3416 nati
583 3373 676 3416 serva
690 3353 859 3417 communis
874 3375 1022 3420 amorem.

217 3453 298 3518 Hane
311 3455 368 3518 ubi
381 3453 468 3518 dicta
481 3453 579 3534 dedit,
593 3453 819 3540 lacrymantem
833 3470 865 3521 et
877 3455 973 3522 multa
987 3459 1140 3525 volentem
1192 3465 1254 3524 790

217 3553 332 3620 Dicere
347 3555 493 3638 deseruit,
507 3571 677 3642 tenuesque
691 3559 819 3622 recessit
834 3559 864 3623 in
879 3579 980 3624 auras.

217 3656 281 3722 Ter
294 3673 424 3724 conatus
440 3660 483 3724 ibi
496 3659 580 3726 collo
594 3659 670 3726 dare
684 3661 817 3728 brachia
831 3663 967 3743 circum;

217 3759 283 3825 Ter
297 3763 411 3828 frustra
422 3785 607 3850 comprensa
621 3785 729 3830 manus
744 3763 847 3852 effugit
861 3769 973 3852 imago,

217 3863 280 3928 Par
293 3865 415 3932 levibus
428 3868 537 3947 ventis,
552 3867 733 3953 volucrique
748 3865 902 3932 simillima
916 3889 1033 3932 somno.

214 3967 270 4034 Sic
284 3967 410 4036 demum
424 3972 535 4052 socios,
548 3971 730 4058 consumpta
744 3983 845 4052 nocte,
858 3971 971 4036 reviso.
1193 3983 1251 4040 795

258 4073 363 4158 Atque
379 4073 433 4138 hic
447 4075 602 4162 ingentem
616 4075 760 4140 comitum
776 4069 929 4138 affluxisse
944 4097 1091 4142 novorum

216 4175 343 4242 Invenio
358 4175 516 4246 admirans
530 4199 709 4257 numerum;
729 4187 915 4261 matresque,
930 4178 1083 4266 virosque,
