2978 5124
72 427 74 432 ⁵
182 481 240 540 ete
623 457 812 542 muninus

218 627 259 702 Et
272 639 418 708 comitem
432 626 559 704 AEueuu
570 638 663 724 justit
676 651 842 724 nutumque
857 641 984 704 tenebat

221 741 411 828 Ingrediens,
426 745 578 828 varioque
593 743 676 808 viem
689 763 831 809 sermone
846 742 984 810 levabat.

221 843 365 926 Miratur,
379 844 552 930 facilesque
566 845 674 910 oculos
687 846 1008 926 iertomniuoircum‚
1187 853 1250 912 ³10

222 945 346 1028 AEneas,
359 951 545 1034 capiturque
560 947 656 1028 loeis3
677 961 708 1014 et
722 949 841 1035 singula
855 949 943 1014 laetus

222 1050 429 1137 Exquiritque
443 1051 592 1136 auditque
606 1051 707 1116 virilm
722 1066 917 1118 monumento
930 1054 1081 1137 priorum.

222 1151 303 1218 Tum
317 1171 375 1217 rex
390 1152 562 1235 Evandrus,
577 1153 725 1220 Romane
739 1154 881 1220 conditor
894 1155 995 1220 areis:

222 1253 304 1320 Haee
317 1277 446 1320 nemora
461 1255 615 1342 indigente
630 1257 728 1321 Fauni
745 1257 773 1320 N
773 1257 962 1344 ymphteque
977 1257 1133 1337 tenebant,

199 1357 369 1442 'Gensque
382 1358 486 1434 virlim
499 1361 616 1424 tntncis
630 1371 663 1422 et
675 1358 755 1424 duro
769 1360 883 1424 robore
898 1373 989 1438 nete3
1185 1365 1247 1422 815

222 1459 319 1542 Queis
334 1481 435 1544 neque
449 1481 526 1540 mos,
540 1479 641 1546 neque
656 1459 755 1524 uultus
770 1473 858 1541 erat3
879 1483 936 1526 nec
947 1463 1078 1548 jungere
1093 1472 1206 1540 teuton,

222 1563 284 1628 Aut
297 1570 484 1648 componere
498 1581 574 1646 opes
587 1559 708 1642 norant,
722 1574 776 1625 aut
789 1581 920 1646 parcere
934 1575 1042 1648 partor

222 1661 285 1728 Sed
299 1667 389 1745 rami,
403 1677 497 1748 etque
511 1685 603 1750 asper
616 1667 702 1729 victu
715 1679 845 1730 venatus
859 1664 976 1730 alebat.

221 1765 342 1832 Primus
357 1767 398 1830 ab
412 1767 542 1832 etherio
555 1765 639 1831 venit
652 1769 801 1833 Saturnus
815 1767 964 1854 Olympo,

220 1871 317 1934 Arma
330 1867 417 1934 Jovis
431 1869 559 1956 lugiene,
574 1881 605 1934 et
618 1871 721 1957 regnis
735 1869 825 1935 exsul
840 1869 1005 1955 ademptis.

219 1971 251 2036 Ie
263 1993 360 2058 mnus
372 1970 509 2037 indocile
522 1993 561 2036 ao
575 1971 749 2058 dispersum
762 1973 918 2038 montibus
932 1971 1002 2036 eltis

221 2073 411 2159 Composuit,
425 2072 571 2160 legesque
584 2073 682 2155 dedit,
696 2075 882 2162 Latiumque
898 2079 1004 2140 vocari

219 2175 341 2257 Maluit,
355 2176 404 2245 his
420 2181 567 2263 quonium
583 2178 723 2244 latuisset
735 2192 816 2244 tutus
831 2182 862 2243 in
877 2180 952 2242 oris.

222 2278 409 2364 Aureaque
423 2279 599 2365 perhibent,
612 2278 665 2344 illo
680 2281 739 2344 sub
752 2301 827 2366 rege
841 2281 963 2344 fuerunt

222 2379 361 2460 Saecule3
382 2381 426 2444 sic
441 2379 568 2464 placidi
581 2380 712 2467 populos
726 2383 759 2447 in
774 2403 853 2467 pece
868 2381 1016 2467 regebat:

220 2480 366 2546 Deterior
379 2479 480 2546 donec
494 2481 645 2568 paulatim
657 2505 697 2549 ac
709 2483 838 2549 decolor
850 2497 936 2564 tutas,

122 2607 135 2632 ν
222 2583 263 2648 Et
276 2582 353 2649 belli
367 2585 482 2665 rabies,
496 2598 527 2651 et
541 2607 629 2651 emor
641 2589 789 2652 successit
804 2587 952 2654 habendi.

222 2686 303 2752 Tum
317 2708 424 2752 manus
439 2689 575 2754 Ausonio
590 2702 621 2753 et
634 2703 741 2776 gentes
755 2689 871 2757 venire
886 2693 1007 2758 Sioauae
1019 2719 1028 2770 3

223 2788 340 2877 Saepiits
355 2803 386 2856 et
399 2813 510 2856 nomen
524 2793 627 2878 posuit
641 2795 786 2858 Saturnio
800 2793 909 2860 tellust

222 2893 302 2957 Τυιιι
316 2913 415 2980 reges,
429 2913 582 2980 asperque
597 2895 722 2960 immoni
737 2917 870 2983 corpore
885 2898 1014 2984 Tybris,

220 2997 249 3059 A
266 3014 326 3079 quo
339 2993 408 3080 post
422 2996 492 3061 ltali
508 2995 632 3062 fluuium
646 2999 826 3084 cognomine
840 2999 977 3084 Tybrim

220 3096 384 3178 Diximus;
405 3099 504 3162 amisit
518 3119 624 3164 verum
641 3098 857 3170 vetusAlbule
869 3123 993 3168 nornen.

222 3201 275 3265 Me
289 3200 409 3286 pulsum
424 3199 533 3286 patrii,
547 3199 712 3288 pelagique
726 3217 867 3268 extreme
881 3218 1070 3290 sequentem,

222 3303 358 3368 Fortuna
372 3307 568 3389 omnipotens
579 3319 609 3368 et
623 3303 820 3370 ineluctabile
834 3307 930 3370 iatum

222 3407 284 3472 His
299 3405 429 3492 posuere
446 3407 531 3487 louis,
545 3411 712 3493 matrisque
726 3407 820 3494 egere
834 3409 995 3476 tremenda
1184 3419 1245 3477 335

221 3509 397 3574 Carmentis
411 3509 567 3596 Nymphae
583 3512 706 3592 monita,
720 3525 751 3575 et
764 3512 841 3578 deus
855 3527 964 3580 auctor
977 3517 1101 3602 Apollo.

221 3610 289 3677 vix
304 3632 340 3676 ea
354 3611 459 3691 elicta3
481 3609 593 3676 dehinc
609 3633 788 3698 progressus
802 3628 952 3680 monstrat
965 3630 996 3682 et
1010 3638 1105 3699 eram,

222 3713 263 3778 Et
277 3714 506 3779 Carmentalem
522 3712 664 3778 Romano
679 3716 800 3780 nomine
814 3730 935 3801 portam

220 3816 323 3898 Quam
339 3830 519 3896 memorant,
536 3817 564 3880 N
564 3817 691 3903 ymphae
706 3820 842 3904 priscum
857 3819 1032 3886 Carmentis
1047 3822 1205 3900 honorem,

114 3898 138 3948 ⁴
223 3919 316 3984 Vatis
331 3909 473 3996 fatidicae,
488 3920 600 3986 cecinit
614 3941 683 4005 quae
698 3921 798 4004 prima
812 3921 930 3986 futuros
1184 3931 1249 3988 eto

214 4019 378 4086 ‘AEneades
393 4043 529 4109 magnos,
543 4035 574 4086 et
587 4021 691 4087 nobile
707 4021 908 4087 Pallanteum.

224 4123 310 4191 Hinc
325 4125 428 4190 lucum
441 4125 603 4210 ingentem,
618 4145 710 4210 quem
725 4123 874 4192 Romulus
889 4146 964 4193 acer
977 4128 1099 4215 asylum
