2914 5130
544 1071 906 1164 AENEIDOS

548 1335 682 1401 urana
703 1333 926 1442 eburnus..

271 1541 412 1604 luuram
426 1533 562 1602 medium
577 1531 691 1599 AEneas
701 1535 769 1620 jam
783 1531 884 1598 classe
899 1533 1024 1600 tenebat

234 1641 349 1706 Cernis
363 1643 433 1718 iter,
447 1637 617 1722 fluctusque
632 1647 717 1700 atros
731 1633 1039 1718 Aquilonesecabaq
1132 1665 1135 1672 ·

239 1743 356 1807 Moenia
370 1741 552 1826 respiciens,
563 1759 632 1823 quae
643 1737 710 1824 jam
724 1735 857 1800 infelicis
871 1737 981 1803 Elissae

238 1843 402 1910 Collucent
416 1841 558 1922 flammis.
602 1839 680 1922 Quoe
696 1851 812 1904 tantum
827 1840 1007 1906 accenderit
1020 1843 1123 1928 ignem

236 1945 342 2011 Causa
357 1945 453 2023 latet3
474 1942 545 2008 duri
559 1962 672 2028 magno
686 1939 743 2006 sed
757 1960 862 2006 amore
877 1941 1002 2008 dolores
1243 1957 1262 2012 5

240 2047 369 2128 Polluto,
384 2058 551 2130 notumque
566 2045 675 2108 suren!
684 2042 760 2128 quid
776 2043 902 2110 loemina
918 2051 1025 2132 possit,

236 2151 342 2216 Triste
357 2171 414 2236 per
427 2151 590 2234 augurium
604 2147 798 2212 Teucrorum
812 2161 941 2233 pectora
955 2151 1081 2217 ducunt.

279 2251 324 2316 Ut
337 2250 467 2338 pelagus
481 2248 609 2314 tenuere
624 2262 717 2330 rates,
731 2271 789 2314 nec
799 2250 866 2336 jam
881 2249 1010 2336 amplius
1024 2253 1088 2319 ulla

236 2354 383 2419 Occurrit
397 2351 498 2432 tellus,
512 2354 613 2416 maria
625 2351 763 2436 undique
778 2365 809 2417 et
822 2352 960 2440 undique
974 2355 1103 2438 coelum;
1145 2415 1148 2421 Α

234 2456 301 2521 Olli
316 2455 467 2538 caeruleus
482 2476 576 2540 supra
591 2467 684 2541 caput
699 2455 818 2520 adstitit
831 2457 942 2540 imber,
1227 2473 1265 2534 10

237 2558 370 2622 Noctem
385 2557 581 2641 hiememque
596 2558 699 2622 serens
710 2546 728 2637 ς’
741 2570 771 2621 et
785 2557 938 2624 inhorruit
952 2561 1035 2627 unda
1050 2565 1198 2633 tenebris.

237 2660 306 2746 lpse
320 2661 512 2748 gubernator
525 2661 623 2744 puppi
639 2658 800 2725 Palinurus
815 2661 856 2726 ab
871 2663 948 2728 altit:

237 2763 333 2828 Heu!
356 2766 502 2848 quianam
517 2765 594 2826 tanti
609 2765 774 2828 cinxerunt
788 2764 906 2830 aethera
921 2769 1041 2834 nimbi?

237 2867 373 2950 Quidve,
387 2879 479 2952 pater
490 2865 643 2951 Neptune,
657 2869 773 2951 paras?
816 2867 868 2932 Sic
883 2867 997 2935 deinde
1013 2871 1139 2958 locutus,

234 2969 397 3058 Colligere
412 2991 499 3034 arma
509 2968 608 3056 jubet,
623 2967 798 3054 validisque
813 2971 991 3037 incumbere
1006 2981 1119 3058 remis3
1229 2989 1266 3046 15

236 3071 450 3158 obliquatque
466 3075 551 3136 sinuo
564 3074 596 3135 in
610 3083 746 3151 ventum,
760 3092 797 3136 ac
813 3071 888 3138 talia
902 3075 1003 3141 fatur:

237 3177 440 3263 Magnanime
455 3173 563 3254 AEneaq
578 3196 649 3254 non,
663 3177 690 3240 ei
705 3173 783 3238 mihi
796 3175 920 3261 Jupiter
934 3193 1043 3246 auctor

238 3277 408 3364 Spondeat,
424 3277 484 3342 hoc
499 3299 622 3362 sperem
637 3275 757 3342 ltaliam
771 3283 950 3368 contingere
964 3284 1055 3350 coelo.

239 3379 353 3446 Mutati
368 3393 544 3444 transversa
558 3380 699 3460 fremunt,
715 3392 745 3444 ct
758 3401 889 3466 vespere
904 3384 946 3448 ab
961 3399 1029 3450 atro

234 3483 436 3570 Consurgunt
450 3487 545 3564 venti,
560 3496 652 3568 atque
667 3487 700 3548 in
714 3485 830 3550 nubem
842 3490 963 3572 cogitur
978 3493 1042 3554 abr.
1228 3503 1268 3564 20
1286 3501 1288 3504 ’

239 3583 307 3648 Nec
322 3607 382 3655 nos
393 3586 492 3650 obniti
507 3587 624 3664 contri,
639 3607 698 3652 nec
713 3587 840 3652 tendere
856 3586 983 3670 tantum,
1159 3591 1164 3599 ’

239 3684 432 3749 Sufficimus:
456 3699 580 3771 superat
595 3689 739 3772 quoniam
755 3688 886 3768 lortuna,
902 3711 1084 3776 sequamur;

238 3783 372 3870 Quoque
387 3799 480 3850 vocat
494 3799 649 3852 vertamus
663 3791 733 3854 iter.
778 3789 846 3854 Nec
861 3789 965 3880 littora
980 3791 1071 3880 longe

236 3885 321 3951 Fida
336 3909 408 3953 reor
422 3889 560 3955 fraterna
576 3891 699 3977 EryciS,
713 3905 882 3977 portusque
898 3895 1036 3976 SicanoS,

238 3987 274 4051 si
289 3987 383 4052 modo
397 3991 457 4053 rite
473 4011 591 4056 memor
606 4005 730 4057 servata
744 3996 891 4056 remetior
906 4007 1000 4059 astra.
1228 4015 1267 4074 25

239 4089 322 4155 Tum
335 4096 406 4177 pius
421 4091 550 4158 AEneas:
573 4093 727 4180 Equidem
742 4095 786 4159 sic
805 4117 937 4180 poscere
950 4114 1058 4173 ventos

240 4191 440 4276 iamdudum,
455 4210 486 4263 et
499 4197 614 4317 iniqua
628 4219 722 4270 cerno
737 4211 767 4264 te
782 4199 910 4268 tendere
925 4204 1042 4270 contri.
