2956 5132
199 409 236 466 er
596 397 886 478 euenereonuu

241 567 386 635 Pandere
404 571 441 637 sd
460 575 593 638 aestirurn
610 577 717 655 solem,
734 580 757 641 si
775 577 852 642 sorte
869 595 1022 646 morantes

244 680 408 764 Sparserit,
426 695 477 744 aut
493 701 630 765 preceps
647 683 794 768 Neptuno
809 683 990 751 irnmers'erit
1005 709 1108 754 eurus.

242 783 321 850 Hec
338 787 455 850 circum
471 788 561 849 cesiae
577 788 700 865 virides,
718 803 749 852 et
764 790 876 854 olentia
892 791 952 854 lere
985 825 988 844 ·
1232 799 1275 860 80

243 891 394 978 Serpylla,
412 894 587 976 etgraviter
603 894 743 979 spirantis
758 897 847 980 copia
863 897 1011 980 thymbrae

241 995 367 1064 Floreat
377 1023 387 1079 3
410 999 616 1083 irriguumque
633 999 737 1062 bibant
753 1000 878 1066 violeris
893 1001 925 1066 so
946 1011 1024 1068 tem.'

284 1103 354 1189 lpse
372 1118 485 1182 autem,
502 1125 556 1166 seu
574 1104 737 1168 corticibus
753 1105 806 1168 tibi
823 1120 924 1171 sutae
944 1108 1030 1185 vatis,

243 1209 306 1272 Seu
322 1211 405 1274 lento
422 1207 532 1273 suerint
548 1209 680 1272 alvearia
696 1212 808 1274 vimine
825 1227 921 1289 texte,

241 1317 396 1401 Angustos
412 1316 543 1378 habeant
559 1315 680 1378 aditus:
704 1338 774 1380 nam
790 1316 901 1400 frigore
918 1319 1010 1382 mella
1230 1325 1271 1386 35

241 1419 334 1505 Cogit
349 1421 458 1498 biems,
475 1421 647 1503 eademque
664 1421 747 1484 calor
763 1420 925 1504 liquefacta
941 1425 1075 1488 remittit.

240 1527 379 1612 Utraque
395 1529 563 1612 vis'apibus
578 1529 691 1612 pariter
707 1529 893 1592 metuende:
915 1551 1017 1614 neque
1034 1531 1090 1594 illae

240 1635 459 1721 Nequidquam
476 1635 610 1697 intectis
626 1637 765 1698 certatim
781 1635 883 1699 tenuia
898 1634 973 1699 ceri

241 1743 434 1827 Spiramenta
449 1740 555 1816 linunt,
572 1738 704 1822 lucoque
721 1753 751 1802 et
767 1738 891 1804 floribus
905 1762 975 1806 ores

240 1847 388 1934 Explent,
404 1847 628 1932 collectumque
645 1845 710 1908 hec
727 1827 791 1930 ipse
808 1847 845 1908 ed
863 1867 990 1910 munere
1004 1848 1109 1932 gluten
1227 1853 1270 1913 40

239 1952 282 2018 Et
298 1956 381 2018 visco
399 1966 430 2016 et
445 1951 588 2038 Phrygiae
605 1967 725 2016 servant
741 1952 811 2036 pice
827 1951 937 2015 lentius
952 1950 1027 2016 lde.

240 2059 330 2144 Srep'e
347 2061 438 2123 etiam
456 2057 584 2134 effossis,
601 2058 626 2120 si
641 2077 713 2120 vera
730 2071 776 2120 est
792 2057 883 2135 lama,
899 2057 1022 2122 latebris

185 2226 189 2234 .
240 2165 306 2230 Sub
321 2163 403 2230 terrb
418 2163 521 2227 severe
538 2164 644 2240 larem,
661 2161 842 2248 penitrisque
859 2176 986 2247 reperte

238 2271 588 2354 Pumieibusqueeavie,
602 2289 765 2353 exesaeque
781 2268 895 2332 arboris
911 2283 1007 2332 antro.

235 2379 288 2444 Tu
305 2391 408 2440 tamen
424 2398 442 2438 e
458 2375 517 2438 levi
533 2377 643 2437 rimosa
660 2374 772 2438 cubilia
787 2373 860 2436 limo
1225 2381 1267 2441 45

236 2483 328 2567 Unge
345 2481 451 2546 fovens
466 2478 593 2556 circum,
610 2493 641 2542 et
656 2500 740 2543 raras
756 2478 938 2566 superinjice
955 2479 1089 2549 frondes·

237 2591 310 2656 Neu
326 2586 450 2673 propitis
465 2587 554 2650 tectis
569 2600 675 2650 texum
691 2586 767 2664 siue,
784 2608 862 2651 neve
878 2589 1022 2654 rubentes

236 2695 303 2760 Ure
320 2693 390 2758 loeo
404 2713 556 2771 ceucr0s3
580 2691 645 2756 alte
662 2713 722 2755 neu
738 2693 834 2756 erede
850 2693 965 2777 paludi,

237 2803 301 2866 Aut
317 2799 368 2863 ubi
383 2800 459 2862 odor
475 2797 555 2862 coeui
572 2798 681 2881 gravis,
698 2811 749 2862 eut
766 2797 815 2861 ubi
832 2819 967 2863 concava
984 2802 1071 2884 pulsu

238 2908 323 2973 Sarra
339 2921 455 2982 sonant,
473 2906 617 2990 vocisque
633 2904 747 2970 offense
765 2905 889 2970 resultat
905 2907 1018 2992 imago.
1224 2913 1267 2975 60

280 3015 375 3090 Quod
392 3027 541 3098 superest,
558 3012 609 3075 ubi
626 3013 743 3096 pulsam
756 3013 890 3078 hiemem
905 3014 959 3077 Sol
975 3034 1086 3080 eureus
1102 3016 1165 3099 egit

238 3123 303 3188 Sub
320 3138 425 3197 terres,
442 3119 617 3204 eoelumque
635 3116 736 3182 aestivit
751 3119 820 3183 luce
837 3119 972 3196 reclusit,

235 3228 298 3294 Illae
313 3223 457 3292 continub
472 3223 565 3289 saltus
580 3225 731 3308 silvasque
747 3221 919 3310 peragrant,

237 3333 477 3418 Purpureusque
494 3343 611 3394 metunt
626 3329 728 3407 flores,
745 3344 775 3393 et
791 3329 914 3396 flumina
929 3331 1023 3396 libant

237 3439 369 3504 Summa
383 3437 479 3501 leves.
505 3433 597 3512 Hine,
614 3434 718 3498 neseio
735 3433 796 3519 qud
812 3435 975 3500 dulcedine
991 3437 1075 3514 lete,
1226 3441 1267 3502 ⁵5

172 3607 174 3612 .
237 3543 424 3630 Progeniem
442 3539 592 3624 nidosque
609 3539 734 3606 levent:
758 3542 828 3607 hine
845 3559 908 3608 arte
924 3559 1066 3608 recentes

238 3656 408 3722 Excudent
423 3651 522 3731 ceras,
539 3667 570 3715 et
585 3652 676 3742 mella
690 3656 810 3719 tenacia
827 3655 953 3740 fingunt.

281 3759 365 3823 Hinc
381 3762 431 3824 ubi
443 3759 509 3845 jam
526 3759 671 3824 emissum
687 3763 790 3826 caveis
805 3763 844 3826 ed
861 3763 962 3826 sidera
976 3763 1047 3826 coeli

237 3865 323 3931 Nare
339 3885 393 3949 per
410 3878 542 3928 testatem
560 3863 704 3949 liquidam
721 3867 895 3949 suspexeris
911 3886 1031 3948 agmen,

236 3974 471 4053 Obscuremque
487 3972 564 4035 trahi
580 3987 671 4036 vento
686 3973 836 4035 mirabere
852 3971 975 4049 nubem,

237 4077 467 4162 Contemplator
481 4099 491 4156 3
514 4099 609 4162 aquas
624 4076 731 4143 dulces
746 4093 777 4142 et
792 4077 919 4143 lroudee
936 4101 1057 4166 semper

237 4183 339 4248 Tecta
355 4193 483 4266 petunt:
506 4181 567 4248 huc
583 4196 615 4247 tu
626 4182 730 4269 jussos
745 4205 873 4272 asperge
890 4205 1024 4272 sapores,
