2956 5132
618 455 905 521 GEORGiGORUM

270 607 348 670 Pars
364 605 461 692 epulis
475 617 602 673 omnent
616 624 750 684 menses,
766 622 798 672 et
812 609 902 692 mena
917 625 1067 694 reponunt

270 713 389 776 Pocula
401 737 412 794 ;
434 711 595 797 Panchaeis
610 713 789 780 adolescunt
803 715 922 797 ignibus
937 735 1006 778 ere.

269 819 313 884 Et
327 833 435 897 meter,
451 817 541 905 Cepe
557 817 679 886 Maeonii
694 821 853 886 unreheeia
869 818 998 897 Bacchi,
1229 827 1295 889 380

269 924 398 989 Oceano
413 925 552 1002 libemus,
569 926 620 990 ait.
646 924 744 990 Simul
759 927 825 1011 ipae
840 941 981 1012 precatur

269 1029 492 1114 Oceanumque
508 1045 626 1117 petrem
641 1051 755 1108 rerum,
771 1031 993 1118 Nymphasque
1008 1051 1137 1112 ueteres,

269 1135 404 1200 Centum
421 1159 486 1222 que
500 1138 603 1218 silves,
618 1151 743 1204 eentum
759 1159 825 1223 quae
840 1139 965 1204 demina
981 1153 1111 1204 servant.

271 1240 338 1305 Ter
353 1242 467 1326 liquido
483 1242 640 1308 ardentem
656 1243 790 1326 perfudit
804 1257 931 1310 nectere
945 1241 1094 1324 Vertam3

268 1343 337 1410 Ter
352 1346 474 1412 flamma
490 1349 529 1412 ad
546 1369 697 1412 summum
712 1349 785 1412 teeti
800 1348 937 1434 subjectu
953 1349 1075 1414 reluxit.
1226 1351 1291 1414 385

270 1451 384 1516 Omine
401 1472 461 1537 quo
476 1453 599 1518 firmans
615 1452 759 1530 animum,
774 1453 819 1516 sic
833 1451 939 1537 incipit
953 1453 1040 1537 ipen:

314 1555 372 1623 Est
387 1559 416 1620 in
433 1557 599 1642 Carpathio
615 1556 751 1642 Neptuni
766 1559 885 1642 gurgite
901 1572 997 1635 vates,

269 1663 428 1729 Ceruleua
443 1665 585 1741 Proteus,
600 1683 744 1748 magnum
759 1663 811 1747 qui
826 1662 958 1747 piscibus
973 1683 1076 1748 equor

269 1769 312 1834 Et
321 1771 429 1857 juncto
444 1769 588 1854 bipedum
604 1789 695 1834 curru
710 1769 832 1836 metitur
848 1789 1007 1855 equorum.

269 1872 332 1940 Hic
348 1899 428 1940 nuuc
444 1873 595 1940 Ematbin
610 1891 715 1960 portus
730 1876 919 1960 patriamque
936 1875 1038 1940 revisit
1228 1875 1291 1938 390

268 1979 437 2046 Pallenen:
459 1981 540 2048 bunc
556 1995 587 2044 et
602 1980 755 2066 Nympbe
770 1997 960 2055 veneramur,
976 1979 1087 2062 etipse

270 2083 457 2150 Grendaevus
473 2081 616 2164 Nereue3
639 2087 722 2150 novit
737 2103 868 2167 namque
884 2084 985 2148 omniu
1001 2097 1095 2161 vates,

270 2189 348 2264 Qun
365 2190 433 2270 aiut,
450 2213 515 2275 que
531 2189 652 2269 suerint,
669 2212 734 2276 quar
750 2211 824 2254 mox
839 2204 967 2254 venture
981 2189 1145 2256 trahantur.

269 2296 393 2382 Quippe
409 2297 447 2360 ita
460 2295 608 2381 Neptuno
622 2298 720 2362 visum
736 2310 794 2375 eet,
811 2296 955 2362 immania
970 2297 1058 2382 cujus

228 2406 231 2415 “
267 2405 415 2466 Armenta
431 2413 461 2464 et
475 2415 580 2485 turpes
596 2401 693 2485 pascit
707 2401 763 2464 sub
779 2401 896 2484 gurgite
913 2401 1038 2485 phocae.
1226 2402 1290 2464 895

268 2503 330 2569 Hic
345 2505 408 2583 tibi,
425 2517 504 2583 nate,
520 2503 603 2588 pride
616 2504 912 2590 vinuliseapiundue,
928 2520 961 2570 ut
976 2527 1097 2574 ornnem

267 2610 424 2697 Expediet
439 2611 535 2678 morbi
550 2629 675 2676 nauum
690 2624 877 2696 eventusque
892 2612 1052 2680 secundet.

266 2715 350 2781 Nam
366 2719 430 2783 sine
446 2717 473 2781 ri
489 2739 549 2782 nnn
565 2717 626 2782 ulla
641 2715 724 2782 dabit
739 2732 901 2802 precepta,
916 2739 1018 2801 neque
1034 2719 1117 2784 ilium

268 2825 394 2889 Orando
410 2825 534 2888 flectes:
557 2825 619 2888 vim
631 2823 739 2888 durem
754 2839 786 2888 et
801 2823 920 2890 vincula
932 2839 1022 2909 eapte

265 2932 400 3012 Tende3
424 2929 484 2994 doli
499 2931 615 2994 circum
630 2929 697 2994 baeu
713 2931 838 2997 demum
854 2928 1029 3012 frangentur
1044 2931 1159 2997 inanes.
1225 2933 1290 2991 400

267 3037 336 3125 Ipsa
353 3061 412 3124 ego
428 3053 467 3115 te,
484 3037 604 3100 medion
619 3057 712 3120 quum
728 3034 773 3100 sul
788 3035 964 3102 accenderit
979 3050 1079 3110 aestua,

267 3145 373 3220 Quum
389 3145 489 3223 sitiunt
504 3141 617 3218 herbae,
633 3155 664 3206 ct
679 3143 784 3226 pecori
795 3141 861 3226 jam
876 3140 988 3224 gratier
1004 3140 1110 3206 umbre
1124 3155 1182 3217 est,

266 3251 301 3315 In
317 3248 531 3316 secretaaenis
547 3249 670 3325 ducam,
687 3247 747 3331 qud
762 3246 860 3312 senene
876 3248 913 3312 ab
928 3247 1019 3312 nudis

266 3357 309 3422 Se
325 3357 442 3444 recipit,
456 3353 548 3418 faute
565 3367 597 3418 ut
611 3373 719 3418 eumne
735 3353 913 3438 aggrediare
925 3353 1093 3439 jacentem.

262 3459 380 3526 Verium
396 3460 446 3526 ubi
461 3471 636 3543 correptum
652 3459 791 3524 manibus
805 3459 971 3544 vinclisque
986 3459 1114 3539 tenebis,
1225 3463 1288 3522 405

264 3569 347 3632 Turn
364 3569 451 3637 verite
469 3567 594 3631 eludent
609 3567 730 3650 speeies
745 3579 835 3652 utque
851 3589 906 3634 ore
921 3565 1073 3636 seruum:

265 3669 336 3736 Fiet
351 3670 546 3736 eninnsubitd
561 3692 613 3736 eus
629 3670 779 3749 horridus,
791 3685 916 3756 atraque
931 3673 1025 3756 tignis,

264 3778 514 3864 Squamosueque
531 3779 636 3854 druco,
652 3789 684 3841 et
701 3775 782 3842 sulvd
796 3777 918 3844 cervice
934 3778 1055 3856 leene3

263 3883 326 3946 Aut
342 3885 446 3954 acrem
463 3881 591 3948 flamme
607 3882 737 3946 sonitum
754 3883 846 3960 debit,
862 3896 953 3965 etque
969 3881 1011 3944 ita
1026 3878 1131 3946 vinciis

263 3987 409 4068 Excidet,
427 4005 479 4058 eut
495 3991 523 4054 in
541 4009 635 4074 aquae
650 4001 758 4056 tenues
773 3990 906 4074 dilapsus
920 3987 1025 4054 abibit.
1225 3992 1293 4053 410

264 4095 328 4161 Sed
345 4095 458 4182 quanti]
473 4097 524 4160 ille
541 4093 637 4181 tnagis
649 4095 766 4180 ¹strennue
781 4117 814 4160 se
829 4108 927 4160 vertet
941 4096 973 4160 in
988 4115 1106 4174 omnes,
1221 4145 1224 4152 ,

261 4201 375 4279 Tame,
392 4214 477 4280 nete,
494 4199 589 4286 magis
604 4202 756 4269 contende
771 4202 1028 4282 temerariarum
