<?xml version="1.0" encoding="UTF-8"?>
<!DOCTYPE html PUBLIC "-//W3C//DTD XHTML 1.0 Transitional//EN"
    "http://www.w3.org/TR/xhtml1/DTD/xhtml1-transitional.dtd">
<html xmlns="http://www.w3.org/1999/xhtml" xml:lang="en" lang="en">
 <head>
  <title>
</title>
<meta http-equiv="Content-Type" content="text/html;charset=utf-8" />
  <meta name='ocr-system' content='tesseract 3.04.00' />
  <meta name='ocr-capabilities' content='ocr_page ocr_carea ocr_par ocr_line ocrx_word'/>
</head>
<body>
  <div class='ocr_page' id='page_1' title='image "./bucolicageorgic01goulgoog/bucolicageorgic01goulgoog_0156.png"; bbox 0 0 2956 5132; ppageno 0'>
   <div class='ocr_carea' id='block_1_1' title="bbox 180 496 831 594">
    <p class='ocr_par' dir='ltr' id='par_1_1' title="bbox 180 496 831 594">
     <span class='ocr_line' id='line_1_1' title="bbox 180 496 831 594; baseline -0.008 -32"><span class='ocrx_word' id='word_1_1' title='bbox 180 501 235 562; x_wconf 79' lang='lat' dir='ltr'><strong>rso</strong></span> <span class='ocrx_word' id='word_1_2' title='bbox 447 585 451 594; x_wconf 23' lang='grc'>1</span> <span class='ocrx_word' id='word_1_3' title='bbox 642 496 831 559; x_wconf 74' lang='lat' dir='ltr'><strong>assinos</strong></span> 
     </span>
    </p>
   </div>
   <div class='ocr_carea' id='block_1_2' title="bbox 141 643 1144 4130">
    <p class='ocr_par' dir='ltr' id='par_1_2' title="bbox 220 643 1144 734">
     <span class='ocr_line' id='line_1_2' title="bbox 220 643 1144 734; baseline 0.001 -21"><span class='ocrx_word' id='word_1_4' title='bbox 220 647 399 734; x_wconf 80' lang='lat' dir='ltr'><strong>Obstupuit,</strong></span> <span class='ocrx_word' id='word_1_5' title='bbox 413 657 560 730; x_wconf 85' lang='lat' dir='ltr'><strong>retroque</strong></span> <span class='ocrx_word' id='word_1_6' title='bbox 573 643 688 730; x_wconf 89' lang='lat' dir='ltr'><strong>pedem</strong></span> <span class='ocrx_word' id='word_1_7' title='bbox 702 665 774 710; x_wconf 90' lang='lat' dir='ltr'><strong>cum</strong></span> <span class='ocrx_word' id='word_1_8' title='bbox 788 667 867 712; x_wconf 81' lang='lat' dir='ltr'><strong>voce</strong></span> <span class='ocrx_word' id='word_1_9' title='bbox 873 651 1042 733; x_wconf 68' lang='lat' dir='ltr'><strong>repressit.</strong></span> <span class='ocrx_word' id='word_1_10' title='bbox 1138 719 1144 732; x_wconf 60' lang='grc'><em>,</em></span> 
     </span>
    </p>

    <p class='ocr_par' dir='ltr' id='par_1_3' title="bbox 141 747 1058 1449">
     <span class='ocr_line' id='line_1_3' title="bbox 141 747 1022 838; baseline 0.007 -27"><span class='ocrx_word' id='word_1_11' title='bbox 141 799 145 811; x_wconf 90' lang='grc'>.</span> <span class='ocrx_word' id='word_1_12' title='bbox 219 751 425 838; x_wconf 83' lang='lat' dir='ltr'><strong>improvisum</strong></span> <span class='ocrx_word' id='word_1_13' title='bbox 439 752 542 836; x_wconf 84' lang='lat' dir='ltr'>aspris</span> <span class='ocrx_word' id='word_1_14' title='bbox 556 748 652 812; x_wconf 86' lang='lat' dir='ltr'><strong>veluti</strong></span> <span class='ocrx_word' id='word_1_15' title='bbox 667 752 721 835; x_wconf 94' lang='lat' dir='ltr'><strong>qui</strong></span> <span class='ocrx_word' id='word_1_16' title='bbox 737 747 875 815; x_wconf 87' lang='lat' dir='ltr'><strong>sentibus</strong></span> <span class='ocrx_word' id='word_1_17' title='bbox 890 773 1022 838; x_wconf 81' lang='lat' dir='ltr'>anguem</span> 
     </span>
     <span class='ocr_line' id='line_1_4' title="bbox 219 851 1046 942; baseline 0.001 -23"><span class='ocrx_word' id='word_1_18' title='bbox 219 853 336 919; x_wconf 84' lang='lat' dir='ltr'>Pressit</span> <span class='ocrx_word' id='word_1_19' title='bbox 350 852 435 917; x_wconf 93' lang='lat' dir='ltr'><strong>bumi</strong></span> <span class='ocrx_word' id='word_1_20' title='bbox 450 851 558 931; x_wconf 84' lang='lat' dir='ltr'><strong>uitem,</strong></span> <span class='ocrx_word' id='word_1_21' title='bbox 572 851 775 938; x_wconf 86' lang='lat' dir='ltr'><strong>trepidusque</strong></span> <span class='ocrx_word' id='word_1_22' title='bbox 788 853 917 938; x_wconf 68' lang='lat' dir='ltr'><strong>repenti</strong></span> <span class='ocrx_word' id='word_1_23' title='bbox 932 855 1046 942; x_wconf 85' lang='lat' dir='ltr'><strong>refugit</strong></span> 
     </span>
     <span class='ocr_line' id='line_1_5' title="bbox 218 952 983 1034; baseline 0 -14"><span class='ocrx_word' id='word_1_24' title='bbox 218 955 420 1020; x_wconf 66' lang='lat' dir='ltr'><strong>attollentem</strong></span> <span class='ocrx_word' id='word_1_25' title='bbox 435 959 509 1034; x_wconf 88' lang='lat' dir='ltr'><strong>iras,</strong></span> <span class='ocrx_word' id='word_1_26' title='bbox 524 967 555 1017; x_wconf 94' lang='lat' dir='ltr'><strong>et</strong></span> <span class='ocrx_word' id='word_1_27' title='bbox 569 952 685 1018; x_wconf 86' lang='lat' dir='ltr'><strong>caerula</strong></span> <span class='ocrx_word' id='word_1_28' title='bbox 701 952 784 1018; x_wconf 91' lang='lat' dir='ltr'><strong>colla</strong></span> <span class='ocrx_word' id='word_1_29' title='bbox 799 968 983 1022; x_wconf 75' lang='lat' dir='ltr'><strong>tumentemz</strong></span> 
     </span>
     <span class='ocr_line' id='line_1_6' title="bbox 219 1055 1058 1142; baseline 0.001 -19"><span class='ocrx_word' id='word_1_30' title='bbox 219 1057 318 1124; x_wconf 88' lang='lat' dir='ltr'>Haud</span> <span class='ocrx_word' id='word_1_31' title='bbox 334 1079 423 1122; x_wconf 86' lang='lat' dir='ltr'><strong>secus</strong></span> <span class='ocrx_word' id='word_1_32' title='bbox 438 1055 623 1142; x_wconf 84' lang='lat' dir='ltr'>Androgeus</span> <span class='ocrx_word' id='word_1_33' title='bbox 637 1058 706 1120; x_wconf 82' lang='lat' dir='ltr'><strong>visu</strong></span> <span class='ocrx_word' id='word_1_34' title='bbox 721 1057 921 1122; x_wconf 81' lang='lat' dir='ltr'>tremefactus</span> <span class='ocrx_word' id='word_1_35' title='bbox 937 1060 1058 1126; x_wconf 89' lang='lat' dir='ltr'><strong>abibat.</strong></span> 
     </span>
     <span class='ocr_line' id='line_1_7' title="bbox 219 1159 971 1241; baseline -0.003 -15"><span class='ocrx_word' id='word_1_36' title='bbox 219 1161 379 1240; x_wconf 89' lang='lat' dir='ltr'><strong>Irruimus,</strong></span> <span class='ocrx_word' id='word_1_37' title='bbox 395 1159 502 1224; x_wconf 87' lang='lat' dir='ltr'><strong>densis</strong></span> <span class='ocrx_word' id='word_1_38' title='bbox 517 1173 548 1222; x_wconf 88' lang='lat' dir='ltr'><strong>et</strong></span> <span class='ocrx_word' id='word_1_39' title='bbox 562 1159 843 1224; x_wconf 81' lang='lat' dir='ltr'><strong>circumfimdimur</strong></span> <span class='ocrx_word' id='word_1_40' title='bbox 858 1161 971 1241; x_wconf 78' lang='lat' dir='ltr'><strong>armis3</strong></span> 
     </span>
     <span class='ocr_line' id='line_1_8' title="bbox 217 1261 970 1351; baseline -0.003 -21"><span class='ocrx_word' id='word_1_41' title='bbox 217 1261 408 1351; x_wconf 81' lang='lat' dir='ltr'><strong>ignarosque</strong></span> <span class='ocrx_word' id='word_1_42' title='bbox 424 1262 485 1328; x_wconf 91' lang='lat' dir='ltr'><strong>loci</strong></span> <span class='ocrx_word' id='word_1_43' title='bbox 499 1265 617 1348; x_wconf 87' lang='lat' dir='ltr'><strong>passim</strong></span> <span class='ocrx_word' id='word_1_44' title='bbox 632 1273 663 1326; x_wconf 89' lang='lat' dir='ltr'><strong>et</strong></span> <span class='ocrx_word' id='word_1_45' title='bbox 678 1261 844 1334; x_wconf 80' lang='lat' dir='ltr'><strong>formidine</strong></span> <span class='ocrx_word' id='word_1_46' title='bbox 858 1277 970 1349; x_wconf 89' lang='lat' dir='ltr'><strong>captos</strong></span> 
     </span>
     <span class='ocr_line' id='line_1_9' title="bbox 218 1362 956 1449; baseline -0.005 -17"><span class='ocrx_word' id='word_1_47' title='bbox 218 1367 406 1432; x_wconf 71' lang='lat' dir='ltr'><strong>sternimus:</strong></span> <span class='ocrx_word' id='word_1_48' title='bbox 430 1363 572 1449; x_wconf 82' lang='lat' dir='ltr'><strong>adspirat</strong></span> <span class='ocrx_word' id='word_1_49' title='bbox 586 1366 688 1449; x_wconf 89' lang='lat' dir='ltr'><strong>primo</strong></span> <span class='ocrx_word' id='word_1_50' title='bbox 702 1365 826 1432; x_wconf 80' lang='lat' dir='ltr'><strong>fortuna</strong></span> <span class='ocrx_word' id='word_1_51' title='bbox 841 1362 956 1429; x_wconf 89' lang='lat' dir='ltr'><strong>labori.</strong></span> 
     </span>
    </p>

    <p class='ocr_par' dir='ltr' id='par_1_4' title="bbox 217 1464 1094 1656">
     <span class='ocr_line' id='line_1_10' title="bbox 217 1464 1094 1554; baseline -0.002 -20"><span class='ocrx_word' id='word_1_52' title='bbox 217 1470 321 1554; x_wconf 82' lang='lat' dir='ltr'><strong>Atque</strong></span> <span class='ocrx_word' id='word_1_53' title='bbox 336 1468 388 1532; x_wconf 86' lang='lat' dir='ltr'><strong>htc</strong></span> <span class='ocrx_word' id='word_1_54' title='bbox 403 1488 550 1532; x_wconf 87' lang='lat' dir='ltr'><strong>successu</strong></span> <span class='ocrx_word' id='word_1_55' title='bbox 562 1464 721 1531; x_wconf 85' lang='lat' dir='ltr'><strong>exsultans</strong></span> <span class='ocrx_word' id='word_1_56' title='bbox 736 1470 910 1552; x_wconf 86' lang='lat' dir='ltr'><strong>animisque</strong></span> <span class='ocrx_word' id='word_1_57' title='bbox 926 1467 1094 1548; x_wconf 83' lang='lat' dir='ltr'><strong>Coroebus,</strong></span> 
     </span>
     <span class='ocr_line' id='line_1_11' title="bbox 219 1569 941 1656; baseline -0.003 -18"><span class='ocrx_word' id='word_1_58' title='bbox 219 1571 249 1638; x_wconf 94' lang='grc' dir='ltr'>Ο</span> <span class='ocrx_word' id='word_1_59' title='bbox 263 1575 351 1650; x_wconf 90' lang='lat' dir='ltr'><strong>socii,</strong></span> <span class='ocrx_word' id='word_1_60' title='bbox 367 1569 430 1656; x_wconf 72' lang='lat' dir='ltr'><strong>qui</strong></span> <span class='ocrx_word' id='word_1_61' title='bbox 443 1574 555 1656; x_wconf 87' lang='lat' dir='ltr'><strong>prima,</strong></span> <span class='ocrx_word' id='word_1_62' title='bbox 570 1573 680 1656; x_wconf 89' lang='lat' dir='ltr'><strong>inquit,</strong></span> <span class='ocrx_word' id='word_1_63' title='bbox 695 1570 819 1635; x_wconf 87' lang='lat' dir='ltr'><strong>fortuna</strong></span> <span class='ocrx_word' id='word_1_64' title='bbox 833 1569 941 1636; x_wconf 88' lang='lat' dir='ltr'><strong>salutis</strong></span> 
     </span>
    </p>

    <p class='ocr_par' dir='ltr' id='par_1_5' title="bbox 216 1671 1127 2066">
     <span class='ocr_line' id='line_1_12' title="bbox 217 1671 1127 1760; baseline 0 -20"><span class='ocrx_word' id='word_1_65' title='bbox 217 1675 371 1740; x_wconf 86' lang='lat' dir='ltr'><strong>Monstrat</strong></span> <span class='ocrx_word' id='word_1_66' title='bbox 386 1677 455 1752; x_wconf 91' lang='lat' dir='ltr'><strong>iter,</strong></span> <span class='ocrx_word' id='word_1_67' title='bbox 470 1673 595 1759; x_wconf 79' lang='lat' dir='ltr'><strong>quelque</strong></span> <span class='ocrx_word' id='word_1_68' title='bbox 609 1672 745 1737; x_wconf 83' lang='lat' dir='ltr'><strong>ostendit</strong></span> <span class='ocrx_word' id='word_1_69' title='bbox 758 1693 797 1748; x_wconf 79' lang='lat' dir='ltr'><strong>se</strong></span> <span class='ocrx_word' id='word_1_70' title='bbox 808 1671 931 1753; x_wconf 84' lang='lat' dir='ltr'><strong>dextra,</strong></span> <span class='ocrx_word' id='word_1_71' title='bbox 946 1693 1127 1760; x_wconf 90' lang='lat' dir='ltr'><strong>sequamur.</strong></span> 
     </span>
     <span class='ocr_line' id='line_1_13' title="bbox 216 1775 1008 1865; baseline -0.001 -22"><span class='ocrx_word' id='word_1_72' title='bbox 216 1778 372 1844; x_wconf 83' lang='lat' dir='ltr'><strong>Mutamus</strong></span> <span class='ocrx_word' id='word_1_73' title='bbox 387 1775 529 1864; x_wconf 86' lang='lat' dir='ltr'><strong>clypeos,</strong></span> <span class='ocrx_word' id='word_1_74' title='bbox 543 1775 752 1862; x_wconf 70' lang='lat' dir='ltr'><strong>Danaumque</strong></span> <span class='ocrx_word' id='word_1_75' title='bbox 768 1777 901 1865; x_wconf 88' lang='lat' dir='ltr'><strong>insignia</strong></span> <span class='ocrx_word' id='word_1_76' title='bbox 916 1779 1008 1843; x_wconf 91' lang='lat' dir='ltr'><strong>nobis</strong></span> 
     </span>
     <span class='ocr_line' id='line_1_14' title="bbox 216 1877 1098 1968; baseline -0.001 -21"><span class='ocrx_word' id='word_1_77' title='bbox 216 1883 385 1968; x_wconf 84' lang='lat' dir='ltr'><strong>Aptemus:</strong></span> <span class='ocrx_word' id='word_1_78' title='bbox 408 1877 508 1959; x_wconf 88' lang='lat' dir='ltr'><strong>dolus,</strong></span> <span class='ocrx_word' id='word_1_79' title='bbox 523 1901 562 1944; x_wconf 92' lang='lat' dir='ltr'><strong>an</strong></span> <span class='ocrx_word' id='word_1_80' title='bbox 577 1881 685 1958; x_wconf 87' lang='lat' dir='ltr'><strong>virtus,</strong></span> <span class='ocrx_word' id='word_1_81' title='bbox 700 1884 770 1964; x_wconf 91' lang='lat' dir='ltr'><strong>quis</strong></span> <span class='ocrx_word' id='word_1_82' title='bbox 785 1884 817 1944; x_wconf 90' lang='lat' dir='ltr'><strong>in</strong></span> <span class='ocrx_word' id='word_1_83' title='bbox 834 1881 921 1945; x_wconf 90' lang='lat' dir='ltr'><strong>hoste</strong></span> <span class='ocrx_word' id='word_1_84' title='bbox 936 1886 1098 1967; x_wconf 83' lang='lat' dir='ltr'><strong>requiratl</strong></span> 
     </span>
     <span class='ocr_line' id='line_1_15' title="bbox 216 1981 1052 2066; baseline -0.001 -18"><span class='ocrx_word' id='word_1_85' title='bbox 216 1985 313 2048; x_wconf 85' lang='lat' dir='ltr'><strong>Arma</strong></span> <span class='ocrx_word' id='word_1_86' title='bbox 328 1982 447 2046; x_wconf 90' lang='lat' dir='ltr'><strong>dabunt</strong></span> <span class='ocrx_word' id='word_1_87' title='bbox 461 1981 532 2066; x_wconf 87' lang='lat' dir='ltr'><strong>ipsi.</strong></span> <span class='ocrx_word' id='word_1_88' title='bbox 556 1981 608 2044; x_wconf 92' lang='lat' dir='ltr'><strong>Sic</strong></span> <span class='ocrx_word' id='word_1_89' title='bbox 623 1982 715 2061; x_wconf 84' lang='lat' dir='ltr'><strong>fatus,</strong></span> <span class='ocrx_word' id='word_1_90' title='bbox 730 1981 845 2047; x_wconf 87' lang='lat' dir='ltr'><strong>deinde</strong></span> <span class='ocrx_word' id='word_1_91' title='bbox 860 1997 1052 2048; x_wconf 87' lang='lat' dir='ltr'><strong>comantem·</strong></span> 
     </span>
    </p>

    <p class='ocr_par' dir='ltr' id='par_1_6' title="bbox 151 2082 1102 3202">
     <span class='ocr_line' id='line_1_16' title="bbox 151 2082 991 2173; baseline -0.005 -21"><span class='ocrx_word' id='word_1_92' title='bbox 151 2089 153 2101; x_wconf 92' lang='lat'>&#39;</span> <span class='ocrx_word' id='word_1_93' title='bbox 215 2086 375 2173; x_wconf 79' lang='lat' dir='ltr'><strong>Androgei</strong></span> <span class='ocrx_word' id='word_1_94' title='bbox 386 2084 507 2171; x_wconf 88' lang='lat' dir='ltr'><strong>galeam</strong></span> <span class='ocrx_word' id='word_1_95' title='bbox 522 2082 691 2170; x_wconf 82' lang='lat' dir='ltr'><strong>clypeique</strong></span> <span class='ocrx_word' id='word_1_96' title='bbox 707 2087 827 2169; x_wconf 87' lang='lat' dir='ltr'><strong>insigne</strong></span> <span class='ocrx_word' id='word_1_97' title='bbox 842 2083 991 2149; x_wconf 88' lang='lat' dir='ltr'><strong>decorum</strong></span> 
     </span>
     <span class='ocr_line' id='line_1_17' title="bbox 216 2185 1069 2276; baseline -0.005 -22"><span class='ocrx_word' id='word_1_98' title='bbox 216 2189 367 2276; x_wconf 75' lang='lat' dir='ltr'><strong>induitur,</strong></span> <span class='ocrx_word' id='word_1_99' title='bbox 382 2186 535 2272; x_wconf 85' lang='lat' dir='ltr'><strong>laterique</strong></span> <span class='ocrx_word' id='word_1_100' title='bbox 551 2189 703 2272; x_wconf 86' lang='lat' dir='ltr'><strong>Argivum</strong></span> <span class='ocrx_word' id='word_1_101' title='bbox 718 2185 937 2250; x_wconf 85' lang='lat' dir='ltr'><strong>accommodat</strong></span> <span class='ocrx_word' id='word_1_102' title='bbox 954 2209 1069 2252; x_wconf 88' lang='lat' dir='ltr'><strong>ensem.</strong></span> 
     </span>
     <span class='ocr_line' id='line_1_18' title="bbox 216 2288 1098 2378; baseline -0.003 -21"><span class='ocrx_word' id='word_1_103' title='bbox 216 2291 290 2358; x_wconf 92' lang='lat' dir='ltr'><strong>Hoc</strong></span> <span class='ocrx_word' id='word_1_104' title='bbox 307 2291 458 2377; x_wconf 85' lang='lat' dir='ltr'><strong>Rhipeus,</strong></span> <span class='ocrx_word' id='word_1_105' title='bbox 473 2289 533 2354; x_wconf 92' lang='lat' dir='ltr'><strong>hoc</strong></span> <span class='ocrx_word' id='word_1_106' title='bbox 549 2293 617 2376; x_wconf 90' lang='lat' dir='ltr'><strong>ipse</strong></span> <span class='ocrx_word' id='word_1_107' title='bbox 632 2288 765 2376; x_wconf 87' lang='lat' dir='ltr'><strong>Dymas,</strong></span> <span class='ocrx_word' id='word_1_108' title='bbox 780 2288 941 2374; x_wconf 87' lang='lat' dir='ltr'><strong>omnisque</strong></span> <span class='ocrx_word' id='word_1_109' title='bbox 951 2291 1098 2378; x_wconf 90' lang='lat' dir='ltr'><strong>juventus</strong></span> 
     </span>
     <span class='ocr_line' id='line_1_19' title="bbox 216 2392 1040 2479; baseline -0.005 -17"><span class='ocrx_word' id='word_1_110' title='bbox 216 2395 304 2462; x_wconf 79' lang='lat' dir='ltr'><strong>Laeta</strong></span> <span class='ocrx_word' id='word_1_111' title='bbox 319 2396 404 2474; x_wconf 82' lang='lat' dir='ltr'><strong>iacit,</strong></span> <span class='ocrx_word' id='word_1_112' title='bbox 419 2393 527 2479; x_wconf 90' lang='lat' dir='ltr'><strong>spoliis</strong></span> <span class='ocrx_word' id='word_1_113' title='bbox 542 2415 576 2457; x_wconf 91' lang='lat' dir='ltr'><strong>se</strong></span> <span class='ocrx_word' id='word_1_114' title='bbox 592 2394 722 2478; x_wconf 88' lang='lat' dir='ltr'><strong>quisque</strong></span> <span class='ocrx_word' id='word_1_115' title='bbox 737 2392 916 2457; x_wconf 86' lang='lat' dir='ltr'><strong>recentibus</strong></span> <span class='ocrx_word' id='word_1_116' title='bbox 928 2406 1040 2458; x_wconf 88' lang='lat' dir='ltr'><strong>armat.</strong></span> 
     </span>
     <span class='ocr_line' id='line_1_20' title="bbox 216 2498 1042 2584; baseline -0.004 -15"><span class='ocrx_word' id='word_1_117' title='bbox 216 2503 371 2569; x_wconf 87' lang='lat' dir='ltr'><strong>Vadimus</strong></span> <span class='ocrx_word' id='word_1_118' title='bbox 386 2503 519 2564; x_wconf 85' lang='lat' dir='ltr'><strong>immixti</strong></span> <span class='ocrx_word' id='word_1_119' title='bbox 534 2498 664 2578; x_wconf 83' lang='lat' dir='ltr'><strong>Danais,</strong></span> <span class='ocrx_word' id='word_1_120' title='bbox 679 2498 764 2564; x_wconf 89' lang='lat' dir='ltr'><strong>baud</strong></span> <span class='ocrx_word' id='word_1_121' title='bbox 779 2505 903 2566; x_wconf 89' lang='lat' dir='ltr'><strong>numine</strong></span> <span class='ocrx_word' id='word_1_122' title='bbox 918 2515 1042 2584; x_wconf 78' lang='lat' dir='ltr'><strong>nostr05</strong></span> 
     </span>
     <span class='ocr_line' id='line_1_21' title="bbox 216 2602 1024 2690; baseline 0.002 -21"><span class='ocrx_word' id='word_1_123' title='bbox 216 2605 379 2690; x_wconf 89' lang='lat' dir='ltr'><strong>Multaque</strong></span> <span class='ocrx_word' id='word_1_124' title='bbox 393 2624 452 2688; x_wconf 87' lang='lat' dir='ltr'><strong>per</strong></span> <span class='ocrx_word' id='word_1_125' title='bbox 465 2622 584 2667; x_wconf 84' lang='lat' dir='ltr'><strong>caecam</strong></span> <span class='ocrx_word' id='word_1_126' title='bbox 598 2608 757 2688; x_wconf 91' lang='lat' dir='ltr'><strong>congressi</strong></span> <span class='ocrx_word' id='word_1_127' title='bbox 773 2602 886 2690; x_wconf 85' lang='lat' dir='ltr'><strong>proelia</strong></span> <span class='ocrx_word' id='word_1_128' title='bbox 901 2619 1024 2670; x_wconf 90' lang='lat' dir='ltr'><strong>noctem</strong></span> 
     </span>
     <span class='ocr_line' id='line_1_22' title="bbox 216 2703 1046 2785; baseline -0.002 -13"><span class='ocrx_word' id='word_1_129' title='bbox 216 2707 436 2785; x_wconf 79' lang='lat' dir='ltr'><strong>Conserimus3</strong></span> <span class='ocrx_word' id='word_1_130' title='bbox 458 2703 569 2770; x_wconf 88' lang='lat' dir='ltr'><strong>multos</strong></span> <span class='ocrx_word' id='word_1_131' title='bbox 584 2703 731 2770; x_wconf 78' lang='lat' dir='ltr'><strong>uanam</strong></span> <span class='ocrx_word' id='word_1_132' title='bbox 745 2703 936 2774; x_wconf 89' lang='lat' dir='ltr'><strong>demittimus</strong></span> <span class='ocrx_word' id='word_1_133' title='bbox 950 2707 1046 2774; x_wconf 89' lang='lat' dir='ltr'><strong>Orco.</strong></span> 
     </span>
     <span class='ocr_line' id='line_1_23' title="bbox 215 2806 904 2898; baseline -0.004 -21"><span class='ocrx_word' id='word_1_134' title='bbox 215 2810 389 2898; x_wconf 83' lang='lat' dir='ltr'><strong>Diffugiunt</strong></span> <span class='ocrx_word' id='word_1_135' title='bbox 403 2807 457 2874; x_wconf 87' lang='lat' dir='ltr'><strong>alii</strong></span> <span class='ocrx_word' id='word_1_136' title='bbox 472 2807 513 2872; x_wconf 91' lang='lat' dir='ltr'><strong>ad</strong></span> <span class='ocrx_word' id='word_1_137' title='bbox 528 2829 635 2888; x_wconf 89' lang='lat' dir='ltr'><strong>naves,</strong></span> <span class='ocrx_word' id='word_1_138' title='bbox 650 2820 681 2872; x_wconf 91' lang='lat' dir='ltr'><strong>et</strong></span> <span class='ocrx_word' id='word_1_139' title='bbox 696 2806 800 2873; x_wconf 87' lang='lat' dir='ltr'><strong>littora</strong></span> <span class='ocrx_word' id='word_1_140' title='bbox 809 2831 904 2874; x_wconf 87' lang='lat' dir='ltr'><strong>eursu</strong></span> 
     </span>
     <span class='ocr_line' id='line_1_24' title="bbox 215 2909 976 3000; baseline -0.004 -21"><span class='ocrx_word' id='word_1_141' title='bbox 215 2909 297 2980; x_wconf 85' lang='lat' dir='ltr'><strong>Fida</strong></span> <span class='ocrx_word' id='word_1_142' title='bbox 311 2925 435 2998; x_wconf 90' lang='lat' dir='ltr'><strong>petunt;</strong></span> <span class='ocrx_word' id='word_1_143' title='bbox 456 2932 531 2996; x_wconf 86' lang='lat' dir='ltr'><strong>pars</strong></span> <span class='ocrx_word' id='word_1_144' title='bbox 546 2915 701 3000; x_wconf 89' lang='lat' dir='ltr'><strong>ingentem</strong></span> <span class='ocrx_word' id='word_1_145' title='bbox 712 2912 878 2977; x_wconf 81' lang='lat' dir='ltr'><strong>formidine</strong></span> <span class='ocrx_word' id='word_1_146' title='bbox 893 2915 976 2999; x_wconf 87' lang='lat' dir='ltr'><strong>tmpi</strong></span> 
     </span>
     <span class='ocr_line' id='line_1_25' title="bbox 217 3013 1102 3100; baseline -0.001 -19"><span class='ocrx_word' id='word_1_147' title='bbox 217 3014 377 3081; x_wconf 89' lang='lat' dir='ltr'><strong>Scandunt</strong></span> <span class='ocrx_word' id='word_1_148' title='bbox 390 3035 497 3080; x_wconf 88' lang='lat' dir='ltr'><strong>rursus</strong></span> <span class='ocrx_word' id='word_1_149' title='bbox 512 3035 635 3100; x_wconf 92' lang='lat' dir='ltr'><strong>equum,</strong></span> <span class='ocrx_word' id='word_1_150' title='bbox 650 3027 681 3078; x_wconf 92' lang='lat' dir='ltr'><strong>et</strong></span> <span class='ocrx_word' id='word_1_151' title='bbox 695 3013 767 3078; x_wconf 77' lang='lat' dir='ltr'><strong>notai</strong></span> <span class='ocrx_word' id='word_1_152' title='bbox 782 3013 958 3080; x_wconf 90' lang='lat' dir='ltr'><strong>conduntur</strong></span> <span class='ocrx_word' id='word_1_153' title='bbox 973 3017 1005 3080; x_wconf 92' lang='lat' dir='ltr'><strong>in</strong></span> <span class='ocrx_word' id='word_1_154' title='bbox 1019 3013 1102 3082; x_wconf 84' lang='lat' dir='ltr'><strong>alvo.</strong></span> 
     </span>
     <span class='ocr_line' id='line_1_26' title="bbox 216 3114 1010 3202; baseline -0.006 -18"><span class='ocrx_word' id='word_1_155' title='bbox 216 3117 308 3184; x_wconf 89' lang='lat' dir='ltr'><strong>Heu!</strong></span> <span class='ocrx_word' id='word_1_156' title='bbox 331 3114 407 3182; x_wconf 90' lang='lat' dir='ltr'><strong>nihil</strong></span> <span class='ocrx_word' id='word_1_157' title='bbox 422 3115 525 3182; x_wconf 86' lang='lat' dir='ltr'><strong>invitis</strong></span> <span class='ocrx_word' id='word_1_158' title='bbox 540 3116 587 3182; x_wconf 84' lang='lat' dir='ltr'><strong>las</strong></span> <span class='ocrx_word' id='word_1_159' title='bbox 598 3137 787 3202; x_wconf 84' lang='lat' dir='ltr'><strong>quemquam</strong></span> <span class='ocrx_word' id='word_1_160' title='bbox 802 3115 900 3182; x_wconf 86' lang='lat' dir='ltr'><strong>fidere</strong></span> <span class='ocrx_word' id='word_1_161' title='bbox 915 3114 1010 3182; x_wconf 87' lang='lat' dir='ltr'><strong>divis.</strong></span> 
     </span>
    </p>

    <p class='ocr_par' dir='ltr' id='par_1_7' title="bbox 217 3218 1103 4130">
     <span class='ocr_line' id='line_1_27' title="bbox 260 3218 935 3307; baseline -0.003 -21"><span class='ocrx_word' id='word_1_162' title='bbox 260 3221 345 3286; x_wconf 86' lang='lat' dir='ltr'><strong>Ecce</strong></span> <span class='ocrx_word' id='word_1_163' title='bbox 359 3218 543 3285; x_wconf 87' lang='lat' dir='ltr'><strong>trahebatur</strong></span> <span class='ocrx_word' id='word_1_164' title='bbox 557 3223 658 3304; x_wconf 87' lang='lat' dir='ltr'><strong>passis</strong></span> <span class='ocrx_word' id='word_1_165' title='bbox 675 3220 830 3285; x_wconf 89' lang='lat' dir='ltr'><strong>Priameia</strong></span> <span class='ocrx_word' id='word_1_166' title='bbox 845 3223 935 3307; x_wconf 90' lang='lat' dir='ltr'><strong>virgo</strong></span> 
     </span>
     <span class='ocr_line' id='line_1_28' title="bbox 218 3322 1089 3411; baseline 0.002 -21"><span class='ocrx_word' id='word_1_167' title='bbox 218 3325 367 3391; x_wconf 89' lang='lat' dir='ltr'><strong>Crinibus</strong></span> <span class='ocrx_word' id='word_1_168' title='bbox 382 3345 400 3388; x_wconf 92' lang='lat' dir='ltr'><strong>a</strong></span> <span class='ocrx_word' id='word_1_169' title='bbox 415 3322 531 3410; x_wconf 92' lang='lat' dir='ltr'><strong>templo</strong></span> <span class='ocrx_word' id='word_1_170' title='bbox 545 3323 727 3390; x_wconf 83' lang='lat' dir='ltr'><strong>Cassandra</strong></span> <span class='ocrx_word' id='word_1_171' title='bbox 742 3322 910 3411; x_wconf 82' lang='lat' dir='ltr'><strong>adytisque</strong></span> <span class='ocrx_word' id='word_1_172' title='bbox 926 3324 1089 3408; x_wconf 75' lang='lat' dir='ltr'><strong>Minerva,</strong></span> 
     </span>
     <span class='ocr_line' id='line_1_29' title="bbox 217 3425 976 3506; baseline -0.005 -12"><span class='ocrx_word' id='word_1_173' title='bbox 217 3428 268 3494; x_wconf 77' lang='lat' dir='ltr'><strong>Ad</strong></span> <span class='ocrx_word' id='word_1_174' title='bbox 282 3426 395 3494; x_wconf 86' lang='lat' dir='ltr'><strong>coelum</strong></span> <span class='ocrx_word' id='word_1_175' title='bbox 409 3425 539 3493; x_wconf 87' lang='lat' dir='ltr'><strong>tendens</strong></span> <span class='ocrx_word' id='word_1_176' title='bbox 555 3425 698 3491; x_wconf 88' lang='lat' dir='ltr'><strong>ardentia</strong></span> <span class='ocrx_word' id='word_1_177' title='bbox 713 3425 828 3492; x_wconf 93' lang='lat' dir='ltr'><strong>lumina</strong></span> <span class='ocrx_word' id='word_1_178' title='bbox 843 3427 976 3506; x_wconf 79' lang='lat' dir='ltr'><strong>frustra3</strong></span> 
     </span>
     <span class='ocr_line' id='line_1_30' title="bbox 217 3527 1103 3618; baseline 0.001 -23"><span class='ocrx_word' id='word_1_179' title='bbox 217 3529 361 3610; x_wconf 90' lang='lat' dir='ltr'><strong>Lumina,</strong></span> <span class='ocrx_word' id='word_1_180' title='bbox 375 3551 447 3594; x_wconf 87' lang='lat' dir='ltr'><strong>nam</strong></span> <span class='ocrx_word' id='word_1_181' title='bbox 462 3543 585 3594; x_wconf 90' lang='lat' dir='ltr'><strong>teneras</strong></span> <span class='ocrx_word' id='word_1_182' title='bbox 601 3530 751 3594; x_wconf 88' lang='lat' dir='ltr'><strong>arcebant</strong></span> <span class='ocrx_word' id='word_1_183' title='bbox 765 3527 891 3596; x_wconf 83' lang='lat' dir='ltr'><strong>vincula</strong></span> <span class='ocrx_word' id='word_1_184' title='bbox 908 3527 1038 3618; x_wconf 88' lang='lat' dir='ltr'><strong>palmas.</strong></span> <span class='ocrx_word' id='word_1_185' title='bbox 1100 3593 1103 3602; x_wconf 90' lang='grc'><em>,</em></span> 
     </span>
     <span class='ocr_line' id='line_1_31' title="bbox 219 3631 1046 3718; baseline 0 -20"><span class='ocrx_word' id='word_1_186' title='bbox 219 3631 288 3698; x_wconf 89' lang='lat' dir='ltr'><strong>Non</strong></span> <span class='ocrx_word' id='word_1_187' title='bbox 303 3633 372 3698; x_wconf 90' lang='lat' dir='ltr'><strong>tulit</strong></span> <span class='ocrx_word' id='word_1_188' title='bbox 386 3631 469 3698; x_wconf 89' lang='lat' dir='ltr'><strong>hanc</strong></span> <span class='ocrx_word' id='word_1_189' title='bbox 483 3635 620 3718; x_wconf 87' lang='lat' dir='ltr'><strong>speciem</strong></span> <span class='ocrx_word' id='word_1_190' title='bbox 635 3632 749 3697; x_wconf 67' lang='lat' dir='ltr'><strong>firmati</strong></span> <span class='ocrx_word' id='word_1_191' title='bbox 763 3647 866 3700; x_wconf 89' lang='lat' dir='ltr'><strong>mente</strong></span> <span class='ocrx_word' id='word_1_192' title='bbox 881 3631 1046 3716; x_wconf 78' lang='lat' dir='ltr'><strong>Coroebm,</strong></span> 
     </span>
     <span class='ocr_line' id='line_1_32' title="bbox 217 3735 1102 3828; baseline 0.001 -26"><span class='ocrx_word' id='word_1_193' title='bbox 217 3735 259 3802; x_wconf 86' lang='lat' dir='ltr'><strong>Et</strong></span> <span class='ocrx_word' id='word_1_194' title='bbox 274 3757 341 3800; x_wconf 87' lang='lat' dir='ltr'><strong>sese</strong></span> <span class='ocrx_word' id='word_1_195' title='bbox 355 3735 491 3801; x_wconf 91' lang='lat' dir='ltr'><strong>medium</strong></span> <span class='ocrx_word' id='word_1_196' title='bbox 505 3737 613 3822; x_wconf 91' lang='lat' dir='ltr'><strong>injecit</strong></span> <span class='ocrx_word' id='word_1_197' title='bbox 626 3739 782 3822; x_wconf 89' lang='lat' dir='ltr'><strong>periturus</strong></span> <span class='ocrx_word' id='word_1_198' title='bbox 796 3741 829 3802; x_wconf 91' lang='lat' dir='ltr'><strong>in</strong></span> <span class='ocrx_word' id='word_1_199' title='bbox 844 3757 966 3822; x_wconf 85' lang='lat' dir='ltr'><strong>agmen·</strong></span> <span class='ocrx_word' id='word_1_200' title='bbox 1092 3796 1102 3828; x_wconf 64' lang='lat' dir='ltr'><em>a</em></span> 
     </span>
     <span class='ocr_line' id='line_1_33' title="bbox 219 3836 1065 3924; baseline 0.001 -23"><span class='ocrx_word' id='word_1_201' title='bbox 219 3836 447 3924; x_wconf 89' lang='lat' dir='ltr'><strong>Consequimur</strong></span> <span class='ocrx_word' id='word_1_202' title='bbox 461 3843 575 3919; x_wconf 89' lang='lat' dir='ltr'><strong>cuncti,</strong></span> <span class='ocrx_word' id='word_1_203' title='bbox 590 3852 621 3904; x_wconf 92' lang='lat' dir='ltr'><strong>et</strong></span> <span class='ocrx_word' id='word_1_204' title='bbox 634 3838 739 3904; x_wconf 88' lang='lat' dir='ltr'><strong>densis</strong></span> <span class='ocrx_word' id='word_1_205' title='bbox 755 3841 943 3904; x_wconf 86' lang='lat' dir='ltr'><strong>incurrimus</strong></span> <span class='ocrx_word' id='word_1_206' title='bbox 958 3839 1065 3903; x_wconf 87' lang='lat' dir='ltr'><strong>armis.</strong></span> 
     </span>
     <span class='ocr_line' id='line_1_34' title="bbox 218 3937 938 4027; baseline -0.003 -21"><span class='ocrx_word' id='word_1_207' title='bbox 218 3940 285 4006; x_wconf 88' lang='lat' dir='ltr'><strong>Hic</strong></span> <span class='ocrx_word' id='word_1_208' title='bbox 300 3940 434 4027; x_wconf 75' lang='lat' dir='ltr'><strong>primum</strong></span> <span class='ocrx_word' id='word_1_209' title='bbox 449 3964 488 4008; x_wconf 87' lang='lat' dir='ltr'><strong>ex</strong></span> <span class='ocrx_word' id='word_1_210' title='bbox 504 3941 568 4008; x_wconf 90' lang='lat' dir='ltr'><strong>alto</strong></span> <span class='ocrx_word' id='word_1_211' title='bbox 582 3940 705 4008; x_wconf 89' lang='lat' dir='ltr'><strong>delubri</strong></span> <span class='ocrx_word' id='word_1_212' title='bbox 720 3939 854 4006; x_wconf 90' lang='lat' dir='ltr'><strong>culmine</strong></span> <span class='ocrx_word' id='word_1_213' title='bbox 869 3937 938 4004; x_wconf 87' lang='lat' dir='ltr'><strong>telis</strong></span> 
     </span>
     <span class='ocr_line' id='line_1_35' title="bbox 219 4042 1078 4130; baseline -0.006 -19"><span class='ocrx_word' id='word_1_214' title='bbox 219 4043 402 4111; x_wconf 89' lang='lat' dir='ltr'><strong>Nostrorum</strong></span> <span class='ocrx_word' id='word_1_215' title='bbox 417 4045 587 4125; x_wconf 81' lang='lat' dir='ltr'><strong>obruimur,</strong></span> <span class='ocrx_word' id='word_1_216' title='bbox 601 4049 761 4130; x_wconf 89' lang='lat' dir='ltr'><strong>oriturque</strong></span> <span class='ocrx_word' id='word_1_217' title='bbox 775 4045 952 4108; x_wconf 87' lang='lat' dir='ltr'><strong>miserrima</strong></span> <span class='ocrx_word' id='word_1_218' title='bbox 966 4042 1078 4126; x_wconf 76' lang='lat' dir='ltr'><strong>cedes,</strong></span> 
     </span>
    </p>
   </div>
   <div class='ocr_carea' id='block_1_3' title="bbox 219 4147 1001 4237">
    <p class='ocr_par' dir='ltr' id='par_1_8' title="bbox 219 4147 1001 4237">
     <span class='ocr_line' id='line_1_36' title="bbox 219 4147 1001 4237; baseline -0.001 -21"><span class='ocrx_word' id='word_1_219' title='bbox 219 4151 386 4216; x_wconf 84' lang='lat' dir='ltr'><strong>Armorum</strong></span> <span class='ocrx_word' id='word_1_220' title='bbox 400 4148 482 4214; x_wconf 85' lang='lat' dir='ltr'><strong>facie</strong></span> <span class='ocrx_word' id='word_1_221' title='bbox 497 4163 528 4216; x_wconf 88' lang='lat' dir='ltr'><strong>et</strong></span> <span class='ocrx_word' id='word_1_222' title='bbox 540 4149 710 4220; x_wconf 85' lang='lat' dir='ltr'><strong>Graiarum</strong></span> <span class='ocrx_word' id='word_1_223' title='bbox 724 4171 831 4218; x_wconf 89' lang='lat' dir='ltr'><strong>errore</strong></span> <span class='ocrx_word' id='word_1_224' title='bbox 840 4147 1001 4237; x_wconf 85' lang='lat' dir='ltr'><strong>jubarum.</strong></span> 
     </span>
    </p>
   </div>
   <div class='ocr_carea' id='block_1_4' title="bbox 0 0 1482 5132">
    <p class='ocr_par' dir='ltr' id='par_1_9' title="bbox 0 0 1482 5132">
     <span class='ocr_line' id='line_1_37' title="bbox 0 0 1482 5132; baseline 0 0"><span class='ocrx_word' id='word_1_225' title='bbox 0 0 1482 5132; x_wconf 95' lang='lat' dir='ltr'><strong> </strong></span> 
     </span>
    </p>
   </div>
  </div>
 </body>
</html>
