2936 5122
673 509 789 572 umen
809 511 872 572 ru.
1198 583 1200 588 ,
1252 513 1311 574 seo

272 689 428 768 Lumina3
449 705 508 750 aee
523 705 669 772 generum
684 682 807 749 AEnean
822 685 946 769 c'aptiva
967 679 1096 748 videbo.
1139 743 1141 750 ,
1203 683 1206 688 “

273 796 408 878 Accepit
423 791 533 855 uocem
549 789 696 876 lacrymis
712 791 844 854 Lavinia
859 789 974 869 matris,

275 896 457 982 Flagrantes
472 893 598 978 perlusa
613 913 708 975 genas
723 917 732 972 ς
752 893 804 955 cui
818 891 965 978 plurimus
980 891 1082 977 ignem
1180 897 1184 904 '
1267 891 1308 950 6⁵

277 999 416 1084 Subjecit
431 995 527 1060 rubor
541 1007 572 1058 et
586 993 740 1058 calefacta
754 1015 881 1080 perora
896 997 1044 1059 cucurrit.
1132 1065 1133 1070 γ
1206 983 1209 994 '

277 1101 387 1166 Indum
402 1101 570 1185 sanguineo
584 1097 679 1162 veluti
694 1098 858 1162 violaverit
871 1111 955 1163 ostro

278 1205 310 1268 Si
325 1206 394 1289 quis
409 1203 508 1282 ebur;
529 1213 582 1266 aut
597 1205 695 1266 mixta
710 1203 821 1266 rubent
836 1202 890 1266 ubi
906 1201 971 1266 lilia
988 1199 1084 1265 multa

278 1305 363 1372 Alba
378 1305 472 1370 rosei:
496 1305 574 1370 tales
589 1305 677 1392 virgo
691 1303 787 1369 dabat
802 1327 856 1369 ore
871 1305 1004 1370 colores.

279 1409 370 1474 lllum
385 1408 489 1472 turbat
504 1428 600 1486 amor,
616 1408 742 1492 figitque
757 1407 788 1471 in
802 1407 920 1494 virgine
935 1405 1055 1470 vultus:
1271 1410 1311 1468 'to

278 1509 379 1575 Ardet
393 1513 424 1573 in
441 1529 529 1574 arma
544 1510 651 1595 magis,
665 1509 834 1594 paucisque
850 1507 962 1574 affatur
977 1511 1140 1572 Amatam:

280 1613 339 1694 Ne,
354 1633 469 1700 queso,
484 1633 523 1674 ne
538 1633 588 1674 me
604 1610 763 1695 lacrymis,
778 1634 857 1676 neve
870 1614 973 1676 omine
989 1623 1084 1690 tanto,

281 1714 473 1798 Prosequere
488 1716 520 1776 in
535 1711 606 1776 duri
619 1713 791 1777 certamina
806 1713 918 1778 Martis
933 1725 1066 1792 euntem,

280 1816 310 1881 Ο
324 1829 441 1880 mater:
464 1837 565 1900 neque
581 1817 663 1878 enim
677 1815 785 1880 Turno
800 1835 886 1880 mora
901 1816 1002 1880 libera
1016 1816 1133 1880 mortis.

280 1919 413 1983 Nuntius
428 1917 506 1998 haec,
523 1917 640 1998 Idmon,
657 1917 795 2004 Phrygio
808 1939 878 1982 mea
892 1917 977 1983 dicta
991 1931 1126 2004 tyranno
1275 1925 1314 1982 7⁵

281 2020 379 2086 Haud
393 2019 547 2106 placitura
561 2021 662 2085 refer:
685 2041 779 2104 quum
795 2017 926 2106 primdm
941 2021 1077 2084 crastina
1093 2017 1176 2084 coelo
1381 2007 1384 2014 ’

283 2121 426 2186 Puniceis
441 2123 562 2186 invecta
577 2126 653 2186 rotis
669 2125 793 2188 Aurora
806 2123 954 2201 rubescit,
1062 2143 1069 2156 ·

283 2227 354 2290 Non
368 2227 509 2290 Teucros
524 2237 596 2312 agat
611 2225 641 2290 in
657 2225 807 2290 Rutulos:
830 2227 989 2291 Teucrtim
1004 2247 1092 2292 arma
1107 2226 1269 2312 quiescant

283 2328 325 2393 Et
342 2327 509 2393 Rutulum:
533 2341 636 2392 nostro
651 2327 833 2394 dirimamus
848 2334 996 2416 sanguine
1011 2329 1147 2396 bellum:
1172 2411 1179 2426 ι

284 2431 342 2496 lllo
358 2445 514 2516 quaeratur
528 2432 642 2516 conjux
658 2431 791 2496 Lavinia
812 2453 934 2520 campo.
1277 2439 1317 2498 80

328 2533 410 2596 Haec
426 2534 479 2596 ubi
494 2530 580 2596 dieta
594 2530 690 2612 dedit,
705 2532 833 2620 rapidus
848 2536 878 2600 in
894 2549 975 2601 tecta
990 2541 1136 2602 recessit:

285 2633 389 2700 Poscit
404 2655 510 2720 equos,
525 2633 701 2720 gaudetque
717 2649 805 2701 tuens
822 2651 892 2702 ante
907 2661 963 2704 ora
978 2641 1163 2722 frementes3

287 2738 429 2802 Pilumno
444 2758 521 2822 quos
536 2737 603 2822 ipsa
618 2737 714 2802 decus
729 2738 816 2804 dedit
832 2741 977 2829 Orithyia
992 2769 1001 2822 3

285 2843 347 2924 Qui
361 2839 496 2906 candore
511 2844 599 2906 nives
615 2843 775 2923 anteirent,
789 2845 929 2910 cursibus
944 2867 1048 2911 auras.

285 2945 494 3010 Circumstant
509 2946 635 3030 properi
650 2950 777 3032 aurigae,
792 2948 994 3034 manibusque
1011 2947 1165 3016 lacessunt

288 3048 421 3112 Pectora
436 3045 546 3132 plausa
560 3047 657 3126 cavia,
673 3062 703 3112 et
718 3047 800 3112 colla
814 3053 969 3114 comantia
984 3065 1121 3136 pectunt.

287 3151 356 3238 lpse
371 3149 485 3214 dehinc
502 3169 578 3214 auro
593 3150 786 3234 squalentem
801 3152 936 3238 alboque
947 3155 1108 3221 orichalco

288 3251 474 3316 Circumdat
489 3250 617 3317 loricam
633 3253 788 3334 humeris3
810 3254 901 3320 simul
916 3271 1001 3342 aptat
1017 3255 1164 3322 habendo

289 3354 477 3438 Ensemque‚
490 3353 710 3440 clypeumque,
725 3369 756 3420 et
770 3357 873 3420 rubrae
888 3379 1006 3424 cornua
1020 3360 1143 3440 cristae3

288 3457 413 3536 Ensem,
425 3477 516 3540 quem
532 3457 646 3522 Dauno
660 3459 832 3544 ignipotens
846 3457 924 3524 deus
939 3465 1006 3546 ipse
1021 3462 1143 3547 parenti

289 3557 432 3637 Fecerat,
447 3572 477 3623 et
492 3559 600 3646 Stygia
616 3561 801 3632 candentem
815 3561 950 3627 tinxerat
965 3563 1059 3628 unde.

289 3659 382 3740 Exin,
401 3683 470 3744 quae
486 3661 597 3726 mediis
613 3665 727 3748 ingenti
742 3664 857 3730 adnixa
873 3665 1025 3730 columnae

289 3759 426 3828 AEdibus
441 3763 597 3843 adstabat,
613 3765 748 3831 validam
764 3770 794 3830 vi
810 3768 940 3852 corripit
955 3767 1085 3848 hastam,

291 3867 416 3932 Actoris
432 3869 570 3932 Aurunci
584 3867 725 3954 spolium,
740 3882 927 3954 quassatque
943 3883 1133 3952 trementem,

291 3969 497 4036 vociferans:
522 3971 622 4050 Nunc,
637 3994 656 4035 o
671 3994 828 4057 nunquam
843 3972 988 4036 frustrata
1004 3989 1132 4040 vocatus
1284 3985 1323 4044 9⁵

209 4133 214 4140 .
292 4071 394 4136 Hasta
410 4095 505 4153 meos,
520 4097 599 4140 nunc
615 4088 735 4160 tempus
750 4073 856 4138 adest:
879 4087 909 4140 te
924 4078 1076 4142 maximus
1091 4080 1197 4164 Actor,

292 4171 342 4238 Te
357 4175 455 4240 Turni
470 4199 552 4242 nunc
566 4177 680 4244 dextra
694 4177 789 4262 gerit:
812 4178 853 4244 da
869 4193 1009 4246 sternere
1022 4201 1146 4268 corpus,

670 4285 713 4344 4⁷
