2978 5124
201 491 259 548 ³³⁰
641 481 831 544 AENElDOS

245 648 344 731 Aptat
357 651 391 708 se
406 647 539 730 pugnae3
561 641 644 708 subit
658 661 731 708 orac
746 641 836 706 hasta
850 661 909 728 per
923 641 1000 708 imas

248 748 407 835 Fulgentis
421 747 539 834 clypei,
553 759 617 812 tum
632 743 745 812 levum
758 747 899 834 perforat
913 747 1036 836 inguen.

247 849 408 916 Excussus
422 871 516 914 curru
530 847 735 914 moribundus
749 848 885 914 volvitur
899 852 995 915 arvis.
1224 847 1294 916 100·

250 955 352 1038 Quem
367 957 437 1041 pius
456 951 569 1018 AEneas
582 951 675 1018 dictis
689 950 802 1018 affatur
817 955 952 1018 amaris:
1109 935 1115 954 '

249 1055 388 1144 Lucage,
401 1055 488 1122 nulla
502 1069 570 1120 tuos
584 1075 695 1120 currus
710 1055 783 1142 luga
797 1059 901 1142 segnis
916 1077 1066 1142 equorum

250 1159 400 1241 Prodidit,
414 1172 468 1224 aut
481 1180 571 1224 venas
586 1157 712 1224 vertite
726 1179 766 1222 ex
783 1157 923 1224 hostibus
937 1159 1075 1228 umbrae:

251 1265 321 1350 lpse
336 1263 411 1328 rotis
425 1261 540 1328 saliens
550 1263 627 1350 juga
640 1260 771 1326 deseris.
817 1261 900 1326 Haec
914 1265 958 1326 ita
973 1263 1064 1344 latus,

248 1367 389 1453 Arripuit
403 1367 538 1454 bijugos.
583 1366 699 1432 Frater
709 1364 859 1430 tendebat
873 1367 1008 1432 inermes
1224 1373 1286 1431 696

250 1470 362 1534 Infelix
377 1469 508 1556 palmas,
522 1491 616 1535 curru
631 1469 778 1555 delapsus
793 1467 923 1534 eodemr

251 1573 311 1638 Per
326 1586 366 1654 te,
381 1593 440 1659 per
454 1577 507 1659 qui
522 1587 553 1638 te
568 1571 661 1639 talem
674 1571 812 1660 genutire
825 1587 984 1660 parentes,

250 1679 312 1744 Vir
325 1677 471 1764 Troiane,
485 1678 551 1742 sine
567 1677 648 1743 hanc
664 1679 809 1758 animam,
824 1690 855 1750 et
869 1679 1019 1742 miserere
1034 1679 1201 1764 precantis.
1240 1756 1246 1766 Ι

251 1779 394 1846 Pluribus
408 1781 510 1846 oranti
525 1779 660 1846 AEnees:
684 1779 783 1846 Haud
798 1779 876 1845 talia
890 1779 1008 1846 dudum

249 1884 346 1950 Dicta
359 1884 479 1950 dabas:
502 1902 635 1966 morere,
650 1897 682 1950 et
696 1885 825 1950 fratrem
838 1907 879 1950 ne
894 1885 1005 1950 desere
1020 1885 1128 1952 frater.
1224 1891 1287 1952 600

250 1988 341 2070 Tum,
356 1988 493 2054 latebras
508 1989 630 2070 animm,
642 2003 753 2074 pectus
768 2009 915 2054 mucrone
931 1987 1074 2056 recludit.

248 2089 341 2155 Talia
354 2113 414 2178 per
424 2112 556 2176 ‘campos
571 2089 686 2156 edebat
700 2093 811 2158 funera
825 2088 938 2156 ductor

247 2191 439 2275 Dardanius,
453 2195 597 2258 ton-entis
611 2209 702 2280 aquae
715 2193 767 2260 vel
783 2195 916 2260 turbinis
931 2195 991 2260 atri

248 2297 338 2362 More
353 2297 470 2362 furens.
513 2297 658 2362 Tandem
673 2311 837 2384 erumpunt
851 2311 883 2364 et
897 2311 1001 2364 castra
1016 2297 1193 2384 relinquunt

247 2399 397 2464 Ascanius
411 2419 490 2483 puer
504 2410 534 2462 et
548 2397 761 2484 nequidquam
771 2398 903 2464 obsessa
913 2401 1071 2486 juventus.
1225 2405 1285 2464 606

289 2502 443 2566 Juuonem
457 2504 577 2565 interea
591 2500 760 2587 compellat
772 2501 896 2587 Jupiter
909 2502 1007 2567 ultror

247 2603 277 2669 Ο
290 2624 439 2690 germana
453 2602 530 2668 mibi
546 2617 639 2688 atque
655 2602 766 2668 eadem
781 2607 959 2690 gratissima
974 2607 1099 2692 conjux,

248 2705 293 2770 Ut
307 2705 431 2786 rebare,
446 2704 556 2771 Venus
572 2721 646 2789 inec
660 2719 692 2770 te
708 2709 860 2771 sententia
875 2705 970 2786 fallit)

248 2807 403 2894 'll-ojanas
418 2819 568 2872 sustentat
582 2827 658 2892 opes
673 2831 681 2871 ε
704 2829 765 2872 non
781 2806 887 2873 vivida
901 2807 986 2873 bello

247 2911 372 2976 Dextra
385 2911 472 2991 viris,
486 2913 670 2998 animusque
685 2912 785 2992 ferox,
799 2913 983 2998 patiensque
997 2913 1119 3000 pericli.
1222 2923 1286 2980 610

247 3013 308 3080 Cui
322 3014 404 3080 luno
419 3013 588 3080 submissa:
611 3013 706 3098 Quid,
720 3037 740 3078 c
754 3013 965 3100 pulcherrime
979 3017 1104 3103 conjux,

247 3113 401 3183 Sdllicitas
415 3137 531 3204 egram
546 3131 576 3182 et
591 3130 642 3182 tua
659 3117 757 3182 tristia
771 3116 856 3182 dicta
870 3118 1049 3184 timentem?

247 3223 280 3287 Si
295 3222 464 3307 mihique
480 3220 636 3306 quondam
652 3222 763 3302 linerat,
777 3241 933 3307 quamque
948 3241 1017 3288 esse
1031 3221 1177 3304 decebat,

247 3325 306 3392 Vis
322 3330 353 3392 in
368 3348 472 3391 amore
488 3327 585 3407 loret;
607 3347 668 3392 non
683 3325 743 3390 hoc
758 3325 834 3390 mihi
849 3347 982 3414 namque
998 3347 1139 3414 negares,

247 3429 459 3517 Omnipotens,
474 3429 547 3514 quin
563 3443 593 3493 et
607 3451 718 3518 pugnes
734 3427 909 3494 subduccre
924 3429 1075 3511 Turnum,
1121 3435 1125 3444 ’
1219 3437 1279 3496 616

247 3533 287 3598 lit
302 3534 415 3599 Dauno
430 3555 553 3620 possem
568 3533 754 3598 incolumem
768 3555 896 3602 servare
910 3535 1045 3621 parenti.

247 3635 336 3701 Nunc
351 3649 470 3721 pereat,
484 3633 678 3720 Teucrisque
694 3636 746 3721 pio
761 3635 814 3700 det
828 3638 975 3723 sanguine
989 3656 1110 3723 poenas.

212 3743 216 3758 '
247 3736 303 3802 llle
319 3751 421 3803 temen
436 3737 540 3803 nostri
554 3737 682 3803 deducit
696 3740 815 3825 origine
830 3759 951 3820 nomen,

247 3837 467 3925 Pilumnusque
482 3839 527 3904 illi
542 3854 669 3924 quartus
684 3858 785 3926 pater,
799 3854 832 3905 et
845 3854 897 3906 tua
913 3840 1000 3930 largi

246 3941 337 4026 Saepe
352 3961 444 4006 manu
460 3941 623 4034 multisque
638 3943 759 4008 ornavit
771 3942 878 4007 limina
892 3943 993 4010 donis
1215 3941 1277 4008 600

288 4041 349 4106 Cui
364 4063 420 4108 rex
436 4043 558 4108 etherii
573 4045 712 4110 breviter
726 4049 771 4110 sic
787 4046 868 4110 satur
882 4044 1035 4135 Olympi:

244 4150 278 4214 Si
291 4169 378 4215 mora
393 4151 554 4236 praesentis
569 4149 622 4216 leti
636 4165 819 4237 tempusque
833 4149 955 4216 caduco
