2992 5102
582 596 867 662 nuconroontffl

540 978 781 1071 ECLOGA
808 991 898 1071 111.

423 1269 616 1332 MENALCAS,
632 1271 813 1335 nemun,
828 1273 1007 1327 PALAEMON.

621 1441 808 1485 usunncrs.

226 1528 295 1596 Dic
311 1525 395 1603 mihi,
408 1523 564 1602 Damoets,
580 1521 682 1609 cujum
700 1526 821 1609 pecus?
845 1548 882 1591 an
898 1525 1060 1594 Meliboei?

496 1679 501 1694 .
624 1647 797 1692 nnuma-rs,

228 1737 311 1817 Non,
326 1735 432 1801 verium
448 1731 596 1819 AEgonis:
618 1753 716 1817 nuper
731 1725 806 1797 mihi
820 1733 943 1799 tradidit
957 1733 1069 1820 AEgon.

620 1855 807 1899 ununncns.

226 1942 338 2011 Infelix
352 1963 372 2006 o
388 1959 520 2024 sempor,
537 1955 622 2016 oves,
639 1943 754 2023 pecus!
779 1941 845 2026 ipsc
862 1942 1006 2007 Neersnr

225 2047 311 2113 Dum
328 2046 420 2122 fovet,
437 2065 484 2122 nc,
501 2063 540 2105 ne
556 2063 606 2104 me
623 2042 678 2105 sibi
694 2042 835 2128 preferat
850 2045 911 2123 ilis,
926 2061 1060 2125 veretur,

226 2153 288 2219 Hic
304 2152 420 2216 alienus
434 2169 508 2212 oves
523 2160 625 2211 custos
640 2147 686 2211 bis
702 2149 817 2232 mulget
833 2151 863 2212 in
878 2149 976 2214 horis:
1230 2161 1249 2217 5

225 2257 268 2324 Et
284 2277 394 2322 succus
408 2254 524 2340 pecori,
541 2265 572 2318 es
587 2253 634 2316 luo
650 2252 827 2318 subducitur
846 2257 942 2339 agnis.

625 2373 798 2432 nnumnns.

224 2460 353 2531 Parcius
369 2459 425 2522 ists
439 2457 510 2520 viris
524 2469 626 2518 temen
642 2454 816 2539 objicienda
831 2471 996 2522 memento.

223 2571 373 2638 Novimus
384 2578 414 2627 et
426 2563 477 2648 qui
492 2575 543 2626 te.
557 2574 768 2626 ..transversa
784 2563 936 2626 ruentibus
951 2564 1053 2643 hircis,

224 2675 268 2741 Et
283 2693 354 2758 quo,
370 2668 426 2733 sed
441 2665 547 2731 faciles
562 2661 713 2749 Nymphas
730 2664 835 2742 risdre,
852 2666 977 2731 sacello.
1043 2686 1048 2719 ¹

614 2785 802 2831 rrnunucns.

92 2881 100 2894 '
223 2880 319 2956 Tum,
334 2876 439 2952 oredo,
457 2893 549 2958 quum
565 2892 615 2936 me
628 2873 782 2936 arbustum
797 2873 902 2940 videre
919 2873 1051 2941 Miconis

212 2989 324 3072 'Atque
340 2980 421 3047 maisi
435 2980 511 3043 vites
526 2977 661 3042 incidere
678 2977 756 3041 falce
772 2980 918 3045 novellas.

622 3101 793 3144 nnumrss.

220 3194 285 3259 Aut
299 3187 350 3254 hic
366 3187 404 3252 sd
422 3199 541 3249 veteres
557 3180 652 3268 sagos,
670 3205 763 3268 quum
783 3184 952 3270 Daphnidis
968 3206 1073 3252 eroum

220 3295 352 3381 Fregisti
369 3305 400 3356 et
414 3290 572 3368 osismos;
595 3310 660 3374 que
677 3303 719 3368 tu,
736 3311 880 3375 perverse
893 3291 1047 3370 Menalca,

221 3405 274 3480 Et,
291 3421 384 3486 quum
399 3396 497 3460 vidisti
513 3415 610 3481 puero
625 3395 747 3474 donsts,
764 3397 889 3463 dolebas
902 3421 912 3478 3

221 3509 274 3586 Et,
291 3508 391 3571 sinon
407 3499 508 3586 eliquit
522 3502 689 3580 nocuisses,
706 3517 842 3566 mortuus
857 3524 953 3568 esses.
1207 3507 1248 3566 15

615 3625 803 3670 unurccss.

221 3715 308 3792 Quid
324 3711 438 3777 domini
454 3709 576 3788 saciant,
593 3710 706 3775 sudent
722 3730 815 3793 quum
831 3709 902 3774 telis
917 3705 1026 3772 fures?

221 3823 294 3890 Non
310 3839 367 3902 ego
382 3833 413 3882 te
429 3817 490 3880 vidi
506 3815 666 3891 Damonis,
682 3816 827 3900 pessime,
843 3833 971 3898 osprum

206 3925 377 4008 0Excipere
393 3920 516 3999 insidiis,
533 3919 660 3984 multum
675 3920 802 3984 latrante
820 3915 982 4003 Lycisci?

221 4032 264 4098 Et
280 4049 372 4115 quum
388 4024 565 4102 clamarem,
578 4029 598 4063 “
612 4023 685 4100 Quo
702 4045 781 4088 nuno
798 4044 831 4086 se
847 4022 972 4106 proripit
987 4019 1062 4086 ille?

219 4137 339 4221 Tityre,
356 4125 433 4215 coge
448 4151 545 4217 pecus
555 4130 585 4208 ;”
607 4145 640 4194 tu
655 4144 725 4216 post
738 4140 861 4217 onrectu
876 4126 1003 4196 latebas·
1202 4129 1245 4191 20
1341 4181 1346 4191 .
