2978 5124
642 527 757 590 LIBER
776 527 826 588 tx.

245 687 379 754 Pervere
393 681 482 752 crede
495 683 586 766 novi,
600 699 631 750 et
644 697 751 771 portas
764 683 907 770 prebere
920 695 1072 770 patentes.

242 789 366 858 Deserit
382 790 547 874 inceptum,
567 801 660 872 atque
675 789 802 852 immani
816 787 955 853 concitus
969 787 1018 852 iri
1166 853 1169 860 ,

219 945 222 952 .
243 894 439 960 Dardaniam
452 895 515 956 ruit
528 889 571 956 ad
585 903 704 976 portam
718 891 892 974 fratresque
906 891 1075 974 superbos,
1208 895 1270 954 695

244 997 282 1060 Et
295 992 431 1082 primirm
446 993 647 1078 Antiphaten,
660 995 688 1056 is
702 992 783 1056 enim
798 1013 831 1056 se
846 995 964 1077 primus
978 994 1102 1080 agebat,

243 1095 395 1162 Thebana
410 1095 450 1160 de
465 1109 565 1162 matre
579 1093 706 1158 nothum
722 1093 911 1178 Sarpedonis
925 1093 989 1175 alti,

243 1198 393 1283 Conjecto
407 1201 517 1262 sternit
526 1195 649 1283 jaculo:
672 1194 757 1260 volat
771 1195 849 1260 ltala
862 1218 975 1262 cornus

244 1303 326 1366 hira
339 1321 398 1386 per
412 1312 562 1378 tenerum,
577 1296 799 1381 stomachoque
813 1298 909 1362 infixa
923 1300 983 1364 suh
996 1299 1091 1366 altum

244 1404 353 1468 Pectus
368 1405 456 1482 ahit;
477 1400 581 1468 reddit
594 1421 705 1485 specus
720 1402 780 1462 atri
795 1399 930 1464 uulneris
945 1401 1058 1469 undam
1208 1413 1270 1472 700

244 1507 453 1591 Spumantem,
466 1517 498 1568 et
512 1503 575 1568 lixo
589 1503 705 1566 ferrum
720 1505 751 1566 in
766 1501 910 1586 pulmone
926 1509 1066 1588 tepescit.

243 1608 322 1672 Tum
328 1607 492 1692 Meropem
500 1619 593 1690 atque
603 1605 773 1689 Erymanta
783 1625 885 1685 manu,
894 1618 956 1670 tum
966 1608 1271 1696 sternithphidnum3

242 1710 321 1774 Tum
338 1710 442 1774 Bitian
458 1707 620 1774 ardentem
634 1707 742 1787 oculis,
756 1708 929 1792 animisque
944 1709 1134 1792 frementem,

243 1811 310 1879 Non
321 1812 439 1901 jaculo,
453 1832 555 1896 neque
573 1809 654 1874 enirn
664 1807 771 1896 jaculo
786 1809 879 1874 vitam
892 1808 945 1874 ille
959 1809 1116 1893 dedissem

243 1917 302 1981 Sed
317 1913 465 2004 magnium
478 1911 612 1981 stridens
625 1924 767 1976 contorta
781 1909 912 1976 falarica
926 1912 1019 1992 venit,
1208 1921 1271 1980 700

242 2018 390 2086 Fulminis
405 2030 476 2084 acta
489 2014 593 2098 modo,
607 2036 701 2100 quam
715 2037 774 2080 nec
788 2013 850 2080 duo
865 2027 973 2080 taurea
988 2029 1083 2102 terga,

242 2120 307 2186 Nec
322 2120 440 2208 duplici
454 2118 582 2206 squamis
598 2119 693 2184 lorica
708 2118 809 2184 fidelis
823 2132 854 2184 et
868 2141 944 2186 auro

243 2223 407 2289 Sustinuitr
429 2221 570 2308 collapsa
584 2235 675 2286 ruunt
690 2222 835 2286 immania
850 2222 1004 2303 membra,

242 2325 304 2393 Dat
318 2325 409 2391 tellus
423 2329 580 2413 gemitum,
594 2337 625 2392 et
639 2324 786 2410 clypeum
800 2345 893 2410 super
907 2328 1026 2390 intonat
1039 2329 1167 2414 ingens:

242 2430 394 2513 Qualisiu
409 2429 552 2495 Euboico
568 2427 717 2494 Baiarum
731 2427 833 2492 littore
848 2426 1005 2512 quondam
1210 2437 1274 2497 710

244 2533 344 2598 Saxea
359 2531 423 2618 pila
437 2530 534 2611 cadit,
548 2533 668 2616 magnis
682 2549 775 2614 quam
791 2527 923 2594 molibus
938 2531 1010 2596 aute

244 2637 461 2702 Constructam
475 2647 570 2721 ponto
580 2633 719 2721 jaciunt:
742 2631 858 2714 sicilia
872 2633 992 2700 ruinam

245 2735 343 2802 Prona
357 2736 462 2816 trahit,
477 2732 661 2820 penithsque
676 2733 765 2800 vadis
779 2734 863 2800 illisa
873 2737 1045 2804 recumbite

244 2836 375 2903 Miscent
389 2859 423 2902 se
439 2838 546 2916 maria,
560 2851 591 2902 et
605 2837 701 2924 nigroe
717 2835 897 2902 attollunmr
912 2859 1030 2922 arene;

243 2937 322 3007 Tum
336 2943 438 3006 sonitu
453 2939 614 3026 Prochyta
630 2939 694 3005 alta
708 2940 819 3020 tremit,
833 2939 1007 3027 durumque
1021 2945 1124 3012 cubile
1212 2955 1273 3014 715

245 3039 375 3108 Inarime
390 3043 480 3106 louis
494 3040 634 3126 imperiis
648 3044 781 3126 imposta
795 3041 963 3128 Typhoeo.

282 3147 350 3210 Hic
367 3145 454 3230 Mars
469 3147 658 3230 armipotens
673 3144 807 3210 animum
821 3145 964 3230 viresque
979 3146 1097 3214 Latinis

247 3245 386 3324 Addidit,
400 3259 432 3310 et
446 3245 587 3312 stimulos
603 3267 693 3312 acres
708 3247 767 3310 suh
780 3260 907 3332 pectore
921 3253 1034 3332 vertit3

244 3349 431 3434 lmmisitque
445 3350 550 3436 lugam
564 3348 696 3414 Teucris
711 3362 873 3434 aurumque
888 3353 1039 3418 timorem.

245 3447 391 3538 Undique
404 3452 600 3530 conveniunt,
615 3452 758 3536 quoniam
773 3451 849 3518 data
862 3457 956 3540 copia
968 3474 1091 3540 pugne,
1212 3464 1273 3525 teo

245 3553 443 3640 Bellatorque
458 3554 576 3618 animos
590 3552 668 3618 deus
682 3553 803 3620 incidit.

246 3655 414 3736 Pandarus,
429 3668 461 3720 ut
475 3657 544 3721 fuso
557 3677 737 3741 germanum
751 3679 883 3744 corpore
898 3657 1007 3740 cernit,

246 3757 282 3825 m
296 3782 360 3848 quo
374 3762 414 3826 sit
429 3759 551 3824 fortuna
565 3757 645 3839 loco,
658 3760 712 3844 qui
725 3781 817 3824 casus
832 3773 904 3846 ngat
917 3781 978 3841 res,

246 3859 368 3928 Portam
383 3865 415 3926 vi
430 3859 527 3926 multa
539 3882 692 3926 converso
706 3861 835 3928 cardine
847 3875 978 3946 torquet,

246 3963 384 4034 obnixus
399 3962 469 4028 latis
483 3963 632 4042 humeris,
646 3963 818 4048 multosque
832 3985 956 4030 suorum
1051 3949 1057 3972 ‘
1213 3981 1273 4043 725

248 4063 402 4132 hloenibus
416 4065 559 4134 exclusos
573 4065 653 4130 duro
667 4067 698 4130 in
712 4066 882 4130 certamine
897 4066 1025 4152 linquit:

251 4167 302 4232 Ast
314 4167 392 4234 alios
407 4188 513 4234 secum
526 4165 658 4236 includit
671 4167 845 4254 recipitque
859 4181 1001 4250 ruentes3
