2992 5102
464 457 469 466 '
554 450 734 550 noconrc.
773 491 855 552 ncn.
877 496 938 553 vn.

250 622 369 701 ¹Omnin
382 659 463 703 nuno
478 639 599 704 rident:
622 654 663 718 at,
680 643 704 704 si
721 640 871 708 lormosus
886 646 994 710 Alexis
1237 655 1280 712 55

256 741 410 807 Montibus
425 743 471 806 his
487 745 587 823 abent,
603 745 706 810 videas
721 763 754 812 et
768 749 891 814 flumina
907 753 999 815 sicca.

362 913 366 924 ,
669 871 826 916 nunnus.

255 953 333 1018 Aret
348 976 431 1040 ager,
446 959 518 1022 vitio
533 961 665 1024 moriens
676 961 736 1024 sitit
752 963 830 1026 ae'ris
845 963 949 1042 herhs,

255 1059 350 1125 Liber
364 1064 540 1146 pampineas
556 1065 660 1128 invidit
675 1065 802 1130 collibus
818 1069 960 1131 umbras:

254 1164 404 1249 Phyllidis
419 1151 549 1233 adventu
564 1182 671 1234 nostrae
688 1193 795 1234 nemus
807 1192 897 1235 omne
913 1173 1031 1251 virebit,
1143 1161 1150 1174 '

253 1270 372 1357 Jupiter
387 1288 418 1339 et
432 1275 500 1339 leto
515 1275 683 1340 descendet
697 1278 844 1361 plurimus
859 1278 957 1341 imbri.
1232 1283 1274 1343 60
1291 1295 1297 1304 ·

654 1398 820 1442 conrnorr.

254 1481 391 1568 Populus
406 1481 522 1548 Alcide
539 1482 716 1566 gratissima,
731 1484 798 1546 vitis
814 1481 938 1561 laccho,

254 1588 408 1653 Formosae
425 1602 539 1674 myrtus
553 1585 679 1666 Veneri,
696 1610 749 1652 sun
765 1589 870 1654 laurea
885 1591 1029 1656 Phoeho:

254 1695 371 1779 Phyllis
387 1710 467 1759 amet
481 1693 623 1778 corylos3
643 1695 708 1758 illes
722 1697 797 1759 dunt
813 1695 930 1778 Phyllis
947 1698 1068 1776 amabit,

253 1801 324 1868 Neo
338 1813 454 1885 myrtus
468 1801 569 1865 vincet
584 1801 716 1885 corylos,
732 1821 791 1864 neo
806 1801 911 1866 loures
927 1801 1049 1866 Phoehi.

661 1923 818 1966 nnrnsrs.

253 2008 405 2074 Fraxinus
419 2010 450 2072 in
465 2010 545 2073 silvis
559 2009 773 2093 pulcherrime,
790 2011 877 2093 pinus
893 2013 922 2074 in
936 2012 1039 2086 hortis,
1232 2012 1272 2104 fil

252 2117 390 2203 Populus
404 2118 434 2182 in
449 2117 557 2196 fluviis,
573 2115 656 2182 abies
671 2117 701 2179 in
717 2116 868 2181 montibus
884 2119 974 2182 altis:

252 2223 370 2309 Sepiirs
386 2237 416 2287 nt
431 2225 454 2287 si
470 2243 531 2299 me,
548 2220 669 2307 Lycida
684 2220 827 2301 formose,
843 2224 968 2299 revisus,

253 2324 405 2393 Fraxinus
415 2330 444 2392 in
460 2327 541 2406 silyis
556 2329 647 2391 cedat
662 2327 726 2402 tihi,
742 2327 831 2410 pinus
845 2327 876 2389 in
892 2327 997 2390 hortis.
1052 2367 1066 2388 .

641 2423 832 2520 unnrnrnnsl

253 2532 331 2599 Haeo
347 2535 480 2610 memini,
498 2545 529 2596 et
542 2535 656 2596 victum
671 2532 781 2596 frustra
796 2533 981 2598 contendere
997 2532 1143 2616 Thyrsin.

248 2637 322 2723 [Ex
337 2639 388 2703 illo
404 2637 551 2724 Corydon
566 2637 715 2723 Corydon
730 2652 776 2702 est
791 2652 928 2724 ternpore
944 2635 1058 2722 nohis]
1231 2638 1275 2700 70
