<?xml version="1.0" encoding="UTF-8"?>
<!DOCTYPE html PUBLIC "-//W3C//DTD XHTML 1.0 Transitional//EN"
    "http://www.w3.org/TR/xhtml1/DTD/xhtml1-transitional.dtd">
<html xmlns="http://www.w3.org/1999/xhtml" xml:lang="en" lang="en">
 <head>
  <title>
</title>
<meta http-equiv="Content-Type" content="text/html;charset=utf-8" />
  <meta name='ocr-system' content='tesseract 3.04.00' />
  <meta name='ocr-capabilities' content='ocr_page ocr_carea ocr_par ocr_line ocrx_word'/>
</head>
<body>
  <div class='ocr_page' id='page_1' title='image "./bucolicageorgic01goulgoog_0051.png"; bbox 0 0 2992 5102; ppageno 0'>
   <div class='ocr_carea' id='block_1_1' title="bbox 562 469 1291 586">
    <p class='ocr_par' dir='ltr' id='par_1_1' title="bbox 562 469 1291 586">
     <span class='ocr_line' id='line_1_1' title="bbox 562 469 1291 586; baseline 0.001 -37"><span class='ocrx_word' id='word_1_1' title='bbox 562 469 570 478; x_wconf 87' lang='lat'>&#39;</span> <span class='ocrx_word' id='word_1_2' title='bbox 627 489 784 586; x_wconf 71' lang='lat' dir='ltr'>nunnus</span> <span class='ocrx_word' id='word_1_3' title='bbox 805 477 854 550; x_wconf 78' lang='lat' dir='ltr'>nx.</span> <span class='ocrx_word' id='word_1_4' title='bbox 1257 481 1291 552; x_wconf 78' lang='lat' dir='ltr'>si</span> 
     </span>
    </p>
   </div>
   <div class='ocr_carea' id='block_1_2' title="bbox 258 638 1374 2310">
    <p class='ocr_par' dir='ltr' id='par_1_2' title="bbox 264 638 1006 725">
     <span class='ocr_line' id='line_1_2' title="bbox 264 638 1006 725; baseline -0.003 -21"><span class='ocrx_word' id='word_1_5' title='bbox 264 639 337 706; x_wconf 87' lang='lat' dir='ltr'>Jam</span> <span class='ocrx_word' id='word_1_6' title='bbox 348 639 422 724; x_wconf 77' lang='lat' dir='ltr'>sugit</span> <span class='ocrx_word' id='word_1_7' title='bbox 437 639 528 725; x_wconf 84' lang='lat' dir='ltr'>ipsa:</span> <span class='ocrx_word' id='word_1_8' title='bbox 550 639 614 724; x_wconf 86' lang='lat' dir='ltr'>lupi</span> <span class='ocrx_word' id='word_1_9' title='bbox 628 638 740 704; x_wconf 83' lang='lat' dir='ltr'>Moerin</span> <span class='ocrx_word' id='word_1_10' title='bbox 757 638 862 703; x_wconf 65' lang='lat' dir='ltr'>vidire</span> <span class='ocrx_word' id='word_1_11' title='bbox 877 640 1006 723; x_wconf 84' lang='lat' dir='ltr'>priores.</span> 
     </span>
    </p>

    <p class='ocr_par' dir='ltr' id='par_1_3' title="bbox 267 750 1295 920">
     <span class='ocr_line' id='line_1_3' title="bbox 267 750 1295 836; baseline -0.001 -20"><span class='ocrx_word' id='word_1_12' title='bbox 267 754 335 817; x_wconf 85' lang='lat' dir='ltr'>Sed</span> <span class='ocrx_word' id='word_1_13' title='bbox 350 769 449 816; x_wconf 81' lang='lat' dir='ltr'>tamen</span> <span class='ocrx_word' id='word_1_14' title='bbox 465 753 523 816; x_wconf 81' lang='lat' dir='ltr'>ista</span> <span class='ocrx_word' id='word_1_15' title='bbox 539 751 612 816; x_wconf 84' lang='lat' dir='ltr'>satis</span> <span class='ocrx_word' id='word_1_16' title='bbox 626 750 740 816; x_wconf 81' lang='lat' dir='ltr'>reseret</span> <span class='ocrx_word' id='word_1_17' title='bbox 753 752 806 816; x_wconf 82' lang='lat' dir='ltr'>tibi</span> <span class='ocrx_word' id='word_1_18' title='bbox 822 751 903 836; x_wconf 76' lang='lat' dir='ltr'>sepe</span> <span class='ocrx_word' id='word_1_19' title='bbox 919 752 1089 818; x_wconf 79' lang='lat' dir='ltr'><strong>Menalcas.</strong></span> <span class='ocrx_word' id='word_1_20' title='bbox 1254 759 1295 815; x_wconf 78' lang='lat'>55</span> 
     </span>
     <span class='ocr_line' id='line_1_4' title="bbox 678 877 832 920; baseline -0.019 0"><span class='ocrx_word' id='word_1_21' title='bbox 678 877 832 920; x_wconf 75' lang='lat' dir='ltr'>nucinas.</span> 
     </span>
    </p>

    <p class='ocr_par' dir='ltr' id='par_1_4' title="bbox 267 961 1000 1046">
     <span class='ocr_line' id='line_1_5' title="bbox 267 961 1000 1046; baseline -0.003 -20"><span class='ocrx_word' id='word_1_22' title='bbox 267 961 434 1026; x_wconf 75' lang='lat' dir='ltr'><strong>Causando</strong></span> <span class='ocrx_word' id='word_1_23' title='bbox 450 975 569 1026; x_wconf 83' lang='lat' dir='ltr'>nostros</span> <span class='ocrx_word' id='word_1_24' title='bbox 583 961 614 1025; x_wconf 91' lang='lat' dir='ltr'>in</span> <span class='ocrx_word' id='word_1_25' title='bbox 629 961 754 1046; x_wconf 82' lang='lat' dir='ltr'>longum</span> <span class='ocrx_word' id='word_1_26' title='bbox 769 963 856 1026; x_wconf 85' lang='lat' dir='ltr'>ducis</span> <span class='ocrx_word' id='word_1_27' title='bbox 869 983 1000 1026; x_wconf 87' lang='lat' dir='ltr'>amores.</span> 
     </span>
    </p>

    <p class='ocr_par' dir='ltr' id='par_1_5' title="bbox 264 1067 1105 1154">
     <span class='ocr_line' id='line_1_6' title="bbox 264 1067 1105 1154; baseline 0.001 -23"><span class='ocrx_word' id='word_1_28' title='bbox 264 1067 313 1131; x_wconf 85' lang='lat' dir='ltr'>Et</span> <span class='ocrx_word' id='word_1_29' title='bbox 326 1088 406 1132; x_wconf 84' lang='lat' dir='ltr'>nune</span> <span class='ocrx_word' id='word_1_30' title='bbox 421 1089 514 1131; x_wconf 89' lang='lat' dir='ltr'>omne</span> <span class='ocrx_word' id='word_1_31' title='bbox 530 1067 583 1132; x_wconf 81' lang='lat' dir='ltr'>tibi</span> <span class='ocrx_word' id='word_1_32' title='bbox 599 1080 725 1130; x_wconf 81' lang='lat' dir='ltr'>stratum</span> <span class='ocrx_word' id='word_1_33' title='bbox 740 1067 810 1132; x_wconf 78' lang='lat' dir='ltr'>silet</span> <span class='ocrx_word' id='word_1_34' title='bbox 825 1090 936 1154; x_wconf 74' lang='lat' dir='ltr'>equor,</span> <span class='ocrx_word' id='word_1_35' title='bbox 953 1083 985 1132; x_wconf 86' lang='lat' dir='ltr'>et</span> <span class='ocrx_word' id='word_1_36' title='bbox 998 1088 1105 1132; x_wconf 84' lang='lat' dir='ltr'>omnes</span> 
     </span>
    </p>

    <p class='ocr_par' dir='ltr' id='par_1_6' title="bbox 265 1169 1053 1258">
     <span class='ocr_line' id='line_1_7' title="bbox 265 1169 1053 1258; baseline 0 -23"><span class='ocrx_word' id='word_1_37' title='bbox 265 1169 438 1258; x_wconf 79' lang='lat' dir='ltr'>(Adspice)</span> <span class='ocrx_word' id='word_1_38' title='bbox 455 1173 572 1236; x_wconf 74' lang='lat' dir='ltr'>ventosi</span> <span class='ocrx_word' id='word_1_39' title='bbox 587 1172 767 1238; x_wconf 84' lang='lat' dir='ltr'>aeciderunt</span> <span class='ocrx_word' id='word_1_40' title='bbox 782 1173 945 1236; x_wconf 85' lang='lat' dir='ltr'>murmuris</span> <span class='ocrx_word' id='word_1_41' title='bbox 961 1193 1053 1238; x_wconf 81' lang='lat' dir='ltr'>aure.</span> 
     </span>
    </p>

    <p class='ocr_par' dir='ltr' id='par_1_7' title="bbox 265 1274 1156 1361">
     <span class='ocr_line' id='line_1_8' title="bbox 265 1274 1156 1361; baseline 0.002 -21"><span class='ocrx_word' id='word_1_42' title='bbox 265 1275 353 1341; x_wconf 87' lang='lat' dir='ltr'>Hinc</span> <span class='ocrx_word' id='word_1_43' title='bbox 368 1274 450 1339; x_wconf 75' lang='lat' dir='ltr'>adei)</span> <span class='ocrx_word' id='word_1_44' title='bbox 466 1275 566 1340; x_wconf 86' lang='lat' dir='ltr'>media</span> <span class='ocrx_word' id='word_1_45' title='bbox 581 1293 626 1339; x_wconf 86' lang='lat' dir='ltr'>est</span> <span class='ocrx_word' id='word_1_46' title='bbox 641 1276 729 1342; x_wconf 85' lang='lat' dir='ltr'>nobis</span> <span class='ocrx_word' id='word_1_47' title='bbox 744 1276 813 1355; x_wconf 82' lang='lat' dir='ltr'>via3</span> <span class='ocrx_word' id='word_1_48' title='bbox 835 1297 967 1361; x_wconf 85' lang='lat' dir='ltr'>namque</span> <span class='ocrx_word' id='word_1_49' title='bbox 983 1277 1156 1361; x_wconf 86' lang='lat' dir='ltr'>sepulcrum</span> 
     </span>
    </p>

    <p class='ocr_par' dir='ltr' id='par_1_8' title="bbox 264 1379 1374 1467">
     <span class='ocr_line' id='line_1_9' title="bbox 264 1379 1374 1467; baseline 0 -23"><span class='ocrx_word' id='word_1_50' title='bbox 264 1380 379 1467; x_wconf 83' lang='lat' dir='ltr'>Incipit</span> <span class='ocrx_word' id='word_1_51' title='bbox 394 1401 541 1466; x_wconf 78' lang='lat' dir='ltr'>apparere</span> <span class='ocrx_word' id='word_1_52' title='bbox 556 1379 708 1446; x_wconf 81' lang='lat' dir='ltr'>Bianoris.</span> <span class='ocrx_word' id='word_1_53' title='bbox 732 1379 796 1445; x_wconf 85' lang='lat' dir='ltr'>Hie</span> <span class='ocrx_word' id='word_1_54' title='bbox 813 1381 862 1446; x_wconf 90' lang='lat' dir='ltr'>ubi</span> <span class='ocrx_word' id='word_1_55' title='bbox 878 1382 989 1445; x_wconf 86' lang='lat' dir='ltr'>densas</span> <span class='ocrx_word' id='word_1_56' title='bbox 1252 1385 1295 1444; x_wconf 88' lang='grc'>60</span> <span class='ocrx_word' id='word_1_57' title='bbox 1367 1393 1374 1408; x_wconf 90' lang='grc'><strong><em>·</em></strong></span> 
     </span>
    </p>

    <p class='ocr_par' dir='ltr' id='par_1_9' title="bbox 263 1484 1121 1571">
     <span class='ocr_line' id='line_1_10' title="bbox 263 1484 1121 1571; baseline 0 -20"><span class='ocrx_word' id='word_1_58' title='bbox 263 1488 419 1571; x_wconf 78' lang='lat' dir='ltr'>Agricola</span> <span class='ocrx_word' id='word_1_59' title='bbox 436 1489 584 1571; x_wconf 79' lang='lat' dir='ltr'>stringunt</span> <span class='ocrx_word' id='word_1_60' title='bbox 599 1486 735 1566; x_wconf 80' lang='lat' dir='ltr'>frondes,</span> <span class='ocrx_word' id='word_1_61' title='bbox 752 1484 814 1564; x_wconf 86' lang='lat' dir='ltr'>hie,</span> <span class='ocrx_word' id='word_1_62' title='bbox 831 1485 934 1567; x_wconf 83' lang='lat' dir='ltr'>Moeri,</span> <span class='ocrx_word' id='word_1_63' title='bbox 950 1507 1121 1565; x_wconf 78' lang='lat' dir='ltr'>canamus5</span> 
     </span>
    </p>

    <p class='ocr_par' dir='ltr' id='par_1_10' title="bbox 266 1592 1084 1679">
     <span class='ocr_line' id='line_1_11' title="bbox 266 1592 1084 1679; baseline -0.004 -22"><span class='ocrx_word' id='word_1_64' title='bbox 266 1592 333 1658; x_wconf 87' lang='lat' dir='ltr'>Hie</span> <span class='ocrx_word' id='word_1_65' title='bbox 345 1594 447 1658; x_wconf 79' lang='lat' dir='ltr'>hedos</span> <span class='ocrx_word' id='word_1_66' title='bbox 461 1595 584 1679; x_wconf 88' lang='lat' dir='ltr'>depone</span> <span class='ocrx_word' id='word_1_67' title='bbox 597 1617 607 1657; x_wconf 74' lang='lat' dir='ltr'>e</span> <span class='ocrx_word' id='word_1_68' title='bbox 628 1607 731 1658; x_wconf 82' lang='lat' dir='ltr'>tamen</span> <span class='ocrx_word' id='word_1_69' title='bbox 747 1594 904 1656; x_wconf 79' lang='lat' dir='ltr'>veniemus</span> <span class='ocrx_word' id='word_1_70' title='bbox 919 1594 950 1658; x_wconf 92' lang='lat' dir='ltr'>in</span> <span class='ocrx_word' id='word_1_71' title='bbox 966 1593 1084 1658; x_wconf 88' lang='lat' dir='ltr'>urbem.</span> 
     </span>
    </p>

    <p class='ocr_par' dir='ltr' id='par_1_11' title="bbox 265 1697 1053 1784">
     <span class='ocr_line' id='line_1_12' title="bbox 265 1697 1053 1784; baseline 0 -24"><span class='ocrx_word' id='word_1_72' title='bbox 265 1698 347 1774; x_wconf 81' lang='lat' dir='ltr'>Aut,</span> <span class='ocrx_word' id='word_1_73' title='bbox 362 1700 385 1762; x_wconf 91' lang='lat' dir='ltr'>si</span> <span class='ocrx_word' id='word_1_74' title='bbox 396 1721 457 1764; x_wconf 85' lang='lat' dir='ltr'>nox</span> <span class='ocrx_word' id='word_1_75' title='bbox 471 1701 607 1784; x_wconf 84' lang='lat' dir='ltr'>pluviam</span> <span class='ocrx_word' id='word_1_76' title='bbox 623 1721 663 1762; x_wconf 88' lang='lat' dir='ltr'>ne</span> <span class='ocrx_word' id='word_1_77' title='bbox 680 1698 802 1783; x_wconf 76' lang='lat' dir='ltr'>colligat</span> <span class='ocrx_word' id='word_1_78' title='bbox 817 1697 885 1761; x_wconf 68' lang='lat' dir='ltr'>ante</span> <span class='ocrx_word' id='word_1_79' title='bbox 900 1718 1053 1776; x_wconf 84' lang='lat' dir='ltr'>veremur,</span> 
     </span>
    </p>

    <p class='ocr_par' dir='ltr' id='par_1_12' title="bbox 266 1802 1098 1890">
     <span class='ocr_line' id='line_1_13' title="bbox 266 1802 1098 1890; baseline 0.001 -22"><span class='ocrx_word' id='word_1_80' title='bbox 266 1803 438 1870; x_wconf 72' lang='lat' dir='ltr'>Cantantes</span> <span class='ocrx_word' id='word_1_81' title='bbox 451 1807 526 1871; x_wconf 85' lang='lat' dir='ltr'>licet</span> <span class='ocrx_word' id='word_1_82' title='bbox 542 1827 640 1890; x_wconf 87' lang='lat' dir='ltr'>usqua</span> <span class='ocrx_word' id='word_1_83' title='bbox 657 1803 771 1890; x_wconf 80' lang='lat' dir='ltr'>(ininius</span> <span class='ocrx_word' id='word_1_84' title='bbox 784 1805 834 1868; x_wconf 83' lang='lat' dir='ltr'>via</span> <span class='ocrx_word' id='word_1_85' title='bbox 848 1802 952 1890; x_wconf 76' lang='lat' dir='ltr'>ledat)</span> <span class='ocrx_word' id='word_1_86' title='bbox 969 1825 1076 1870; x_wconf 87' lang='lat' dir='ltr'>eamus</span> <span class='ocrx_word' id='word_1_87' title='bbox 1090 1829 1098 1869; x_wconf 73' lang='grc' dir='ltr'><em>τ</em></span> 
     </span>
    </p>

    <p class='ocr_par' dir='ltr' id='par_1_13' title="bbox 262 1906 1294 2082">
     <span class='ocr_line' id='line_1_14' title="bbox 262 1906 1294 1994; baseline 0 -22"><span class='ocrx_word' id='word_1_88' title='bbox 262 1906 438 1973; x_wconf 77' lang='lat' dir='ltr'>Cantantes</span> <span class='ocrx_word' id='word_1_89' title='bbox 453 1923 486 1974; x_wconf 85' lang='lat' dir='ltr'>ut</span> <span class='ocrx_word' id='word_1_90' title='bbox 503 1931 620 1988; x_wconf 87' lang='lat' dir='ltr'>eamus,</span> <span class='ocrx_word' id='word_1_91' title='bbox 637 1931 696 1994; x_wconf 83' lang='lat' dir='ltr'>ego</span> <span class='ocrx_word' id='word_1_92' title='bbox 711 1909 771 1972; x_wconf 84' lang='lat' dir='ltr'>hoc</span> <span class='ocrx_word' id='word_1_93' title='bbox 786 1921 817 1972; x_wconf 85' lang='lat' dir='ltr'>te</span> <span class='ocrx_word' id='word_1_94' title='bbox 833 1907 916 1974; x_wconf 78' lang='lat' dir='ltr'>fasee</span> <span class='ocrx_word' id='word_1_95' title='bbox 932 1909 1052 1976; x_wconf 85' lang='lat' dir='ltr'>levabo.</span> <span class='ocrx_word' id='word_1_96' title='bbox 1253 1913 1294 1973; x_wconf 77' lang='lat'>6⁵</span> 
     </span>
     <span class='ocr_line' id='line_1_15' title="bbox 700 2033 821 2082; baseline 0 -6"><span class='ocrx_word' id='word_1_97' title='bbox 700 2033 821 2082; x_wconf 70' lang='lat' dir='ltr'>amans.</span> 
     </span>
    </p>

    <p class='ocr_par' dir='ltr' id='par_1_14' title="bbox 259 2117 1120 2204">
     <span class='ocr_line' id='line_1_16' title="bbox 259 2117 1120 2204; baseline -0.005 -23"><span class='ocrx_word' id='word_1_98' title='bbox 259 2117 384 2182; x_wconf 89' lang='lat' dir='ltr'>Desine</span> <span class='ocrx_word' id='word_1_99' title='bbox 400 2118 503 2202; x_wconf 85' lang='lat' dir='ltr'>plura,</span> <span class='ocrx_word' id='word_1_100' title='bbox 520 2140 615 2203; x_wconf 81' lang='lat' dir='ltr'>puer;</span> <span class='ocrx_word' id='word_1_101' title='bbox 637 2133 669 2183; x_wconf 85' lang='lat' dir='ltr'>et</span> <span class='ocrx_word' id='word_1_102' title='bbox 684 2119 765 2204; x_wconf 92' lang='lat' dir='ltr'>quod</span> <span class='ocrx_word' id='word_1_103' title='bbox 782 2139 862 2182; x_wconf 90' lang='lat' dir='ltr'>nune</span> <span class='ocrx_word' id='word_1_104' title='bbox 878 2119 967 2180; x_wconf 87' lang='lat' dir='ltr'>instat</span> <span class='ocrx_word' id='word_1_105' title='bbox 983 2137 1120 2200; x_wconf 78' lang='lat' dir='ltr'>agamus.</span> 
     </span>
    </p>

    <p class='ocr_par' dir='ltr' id='par_1_15' title="bbox 258 2221 1135 2310">
     <span class='ocr_line' id='line_1_17' title="bbox 258 2221 1135 2310; baseline -0.005 -24"><span class='ocrx_word' id='word_1_106' title='bbox 258 2222 416 2287; x_wconf 84' lang='lat' dir='ltr'>Carmina</span> <span class='ocrx_word' id='word_1_107' title='bbox 431 2235 500 2286; x_wconf 87' lang='lat' dir='ltr'>tum</span> <span class='ocrx_word' id='word_1_108' title='bbox 517 2221 633 2300; x_wconf 71' lang='lat' dir='ltr'>meliis,</span> <span class='ocrx_word' id='word_1_109' title='bbox 647 2243 741 2310; x_wconf 92' lang='lat' dir='ltr'>quum</span> <span class='ocrx_word' id='word_1_110' title='bbox 754 2222 871 2286; x_wconf 81' lang='lat' dir='ltr'>uenerit</span> <span class='ocrx_word' id='word_1_111' title='bbox 885 2221 962 2305; x_wconf 88' lang='lat' dir='ltr'>ipse,</span> <span class='ocrx_word' id='word_1_112' title='bbox 978 2239 1135 2284; x_wconf 81' lang='lat' dir='ltr'>canemua.</span> 
     </span>
    </p>
   </div>
   <div class='ocr_carea' id='block_1_3' title="bbox 0 0 1500 5102">
    <p class='ocr_par' dir='ltr' id='par_1_16' title="bbox 0 0 1500 5102">
     <span class='ocr_line' id='line_1_18' title="bbox 0 0 1500 5102; baseline 0 0"><span class='ocrx_word' id='word_1_113' title='bbox 0 0 1500 5102; x_wconf 95' lang='lat' dir='ltr'> </span> 
     </span>
    </p>
   </div>
  </div>
 </body>
</html>
