2914 5130
598 659 600 664 ,
623 573 805 638 333311.
904 595 912 606 -
1055 497 1081 578 J

226 737 407 826 Litteraque
422 749 453 803 et
466 757 583 803 vacuos
597 741 693 801 sensit
707 741 774 803 sine
789 740 907 825 remige
921 751 1028 823 portus
1040 765 1049 818 ς

222 841 348 927 Terque
363 855 536 928 quaterque
550 861 642 903 manu
656 852 766 924 pectus
780 861 930 925 percussa
944 839 1103 919 decorum,

221 941 448 1028 Flaventesque
463 942 605 1006 abscissa
619 962 743 1005 comas:
768 941 850 1006 Proh
865 942 1007 1028 Jupiter!
1030 941 1090 1004 ibit
1129 949 1134 954 “
1190 947 1252 1005 590

221 1045 297 1126 ch,
307 1050 360 1127 311,
371 1061 402 1112 et
415 1049 530 1111 nostris
545 1043 677 1109 illuserit
692 1025 820 1109 advena'
829 1049 954 1132 regnis?

220 1145 291 1212 Non
305 1169 392 1213 arma
408 1147 586 1233 expedient,
601 1148 726 1232 totique
741 1169 782 1212 ex
795 1148 875 1211 urbe
890 1161 1066 1234 sequentur,

218 1249 448 1338 Deripientque
462 1263 545 1317 rates
560 1251 615 1316 alii
629 1251 813 1316 navalibus?
856 1249 919 1313 lte:

183 1365 187 1376 ·
217 1351 312 1420 Ferte
326 1355 382 1416 citi
397 1353 545 1433 flammas,
560 1351 633 1417 date
648 1351 728 1432 vela,
743 1349 893 1436 impellite
909 1374 1022 1415 remos.

214 1452 301 1535 Quid
313 1452 444 1538 toquort
466 1468 518 1519 aut
526 1454 581 1518 ubi
590 1457 677 1520 sumi
692 1474 761 1540 quae
771 1465 905 1517 mentem
914 1454 1035 1517 insania
1044 1457 1160 1517 mutati
1186 1455 1247 1520 606

215 1555 330 1620 lnielix
344 1555 448 1621 Dido!
470 1579 551 1623 nune
567 1570 597 1620 te
612 1557 696 1620 sacta
711 1559 807 1641 impia
822 1568 960 1642 tangunt.

213 1656 299 1722 Tum
314 1657 429 1740 decuit,
445 1682 539 1744 quum
554 1673 678 1746 sceptra
693 1657 803 1724 dabas.
848 1659 897 1724 En
911 1659 1026 1723 dextra
1041 1657 1203 1746 fidesque!-

212 1759 317 1842 Quem
333 1783 439 1826 secum
453 1765 572 1848 patrios
588 1765 674 1826 aiunt
687 1760 827 1847 portisse
844 1761 986 1842 Penates,

211 1861 318 1944 Quem
332 1863 465 1927 subiisse
480 1861 617 1927 humeris
632 1863 806 1928 coniectum
821 1875 912 1928 oetate
932 1864 1113 1950 parentem!

210 1963 286 2029 Non
301 1969 387 2050 potui
403 1967 567 2051 abreptum
581 1964 733 2030 divellere
748 1988 870 2052 corpus,
886 1979 916 2029 et
930 1964 1021 2030 undis
1186 1969 1247 2028 600

211 2067 392 2154 Spargere?
414 2091 474 2132 non
489 2073 600 2150 socios,
615 2093 676 2134 non
691 2073 792 2154 ipsum
808 2070 972 2134 absumere
987 2070 1072 2133 ferro

208 2173 392 2252 Ascanium,
406 2175 579 2258 patriisque
595 2171 782 2258 epulandum
796 2175 1064 2258 ponere‘mensisl

209 2271 333 2338 Verium
349 2295 465 2361 anceps
480 2297 590 2362 pugnae
606 2275 707 2340 iuerat
722 2277 856 2340 fortuna.
901 2275 1033 2339 Fuisset.

210 2375 314 2458 Quem
329 2380 424 2442 metui
439 2381 611 2442 moritura?
654 2378 754 2443 Faces
770 2381 801 2442 in
816 2391 920 2442 castra
934 2375 1090 2458 tulissem

207 2479 455 2566 implessemque
470 2483 553 2546 iores
568 2482 719 2563 flammis;
741 2496 908 2569 natumque
923 2495 1106 2568 patremque
1183 2487 1243 2552 605

209 2583 291 2648 Cum
304 2605 421 2671 genere
437 2583 615 2650 extinxim:
638 2599 752 2651 memet
765 2609 859 2672 super
874 2589 943 2672 ipsa
957 2585 1125 2652 dedissem.

208 2683 274 2766 Sol,
288 2689 343 2772 qui
358 2698 511 2750 terrarum
526 2687 658 2753 flammis
673 2709 770 2774 opera
785 2690 889 2752 omnia
908 2687 1030 2770 lustras,

207 2785 322 2870 Tuque
338 2785 449 2852 harum
464 2791 618 2874 interpres
633 2809 779 2872 curarum
795 2801 825 2852 et
839 2792 966 2853 conscia
980 2789 1072 2870 Juno,

207 2887 440 2976 Nocturnisque
456 2891 580 2955 Hecate
594 2894 695 2956 triviis
711 2889 827 2957 ululata
841 2915 898 2978 per
912 2893 1016 2975 urbes,

205 2989 250 3055 Et
264 2990 353 3055 Dirae
368 2990 505 3072 ultrices,
520 3007 551 3056 et
565 2991 600 3057 di
614 2997 774 3059 morientis
788 2993 920 3078 Elissae,
1181 3003 1242 3062 610

206 3095 354 3178 Accipite
369 3092 448 3173 haec,
463 3098 668 3182 meritumque
683 3095 773 3160 malis
788 3094 942 3160 advertite
957 3119 1079 3178 numen,

207 3193 249 3258 Et
263 3209 385 3260 nostras
401 3195 505 3261 audite
520 3219 643 3283 preces.
689 3199 722 3264 Si
738 3211 864 3284 tangere
880 3213 988 3286 portus
1157 3178 1160 3198 Ι

204 3293 372 3360 infandum
387 3311 481 3382 caput
496 3320 532 3362 ac
548 3303 639 3365 terris
654 3299 772 3365 adnare
788 3323 916 3370 necesse
931 3315 987 3382 est,

204 3393 247 3459 Et
262 3400 306 3460 sic
322 3398 388 3462 sata
402 3397 490 3462 Jovis
504 3414 645 3485 poscunt,
661 3399 713 3464 hie
729 3405 877 3466 terminus
893 3401 990 3467 haeret
1005 3429 1014 3483 3
1155 3479 1159 3488 ,

204 3500 247 3562 At
262 3497 347 3564 bello
362 3498 490 3565 audacis
501 3501 611 3588 'populi
627 3517 757 3568 uexatus
773 3517 803 3568 et
818 3509 922 3585 armis,
1178 3509 1238 3568 615

203 3599 336 3666 Finibus
350 3607 495 3684 extorris,
510 3603 676 3689 complexu
691 3601 816 3671 avulsus
831 3607 899 3686 liiii,

200 3703 364 3770 Auxilium
379 3704 533 3790 imploret,
546 3705 715 3793 videatque
729 3708 857 3794 indigna
872 3727 996 3770 suorum

201 3805 349 3887 Funera;
371 3829 440 3889 nec,
455 3831 548 3893 quum
562 3831 596 3873 se
611 3809 669 3874 sub
684 3809 768 3896 leges
783 3813 871 3896 pacis
886 3811 1000 3892 iniquae
1067 3795 1075 3812 ’

199 3907 398 3991 Tradiderit,
412 3931 509 3997 regno
523 3925 576 3976 eut
591 3913 697 3998 optata
711 3913 781 3977 luce
796 3913 934 3990 fruatur3

197 4009 267 4076 Sed
280 4011 377 4076 cadat
393 4025 464 4078 ante
478 4011 572 4096 diem,
586 4015 753 4101 mediique
767 4013 943 4078 inhumatus
958 4013 1064 4078 areni.
1172 4023 1234 4096 620

198 4113 284 4177 Herc
299 4135 435 4199 precor:
459 4113 540 4181 hanc
554 4138 665 4182 vocem
676 4131 848 4183 extremam
859 4137 930 4181 cum
940 4121 1088 4209 sanguine
1098 4117 1204 4206 funde.

194 4213 283 4282 ‘rum
296 4233 364 4298 nos,
379 4237 399 4281 o
415 4213 519 4302 Tyrii,
534 4221 662 4306 stirpem
676 4231 707 4287 et
721 4239 818 4307 genus
832 4239 922 4286 omne
937 4220 1071 4288 futurum
