2992 5102
609 515 888 576 BUCOLICORUM

261 667 331 732 Nec
343 667 457 731 tannim
474 665 627 751 Rhodope
642 668 786 731 mirantur
802 680 832 731 et
847 666 978 732 Ismarus
995 667 1131 753 Orphea.
1242 674 1293 734 30·

305 777 448 862 Namque
464 776 603 855 canebat,
620 773 661 840 uti
678 797 820 860 magnum
836 777 995 861 perinane
1012 792 1122 843 coacta

262 881 386 944 Semina
403 897 608 966 terrarumque
625 881 792 965 animeque
808 882 958 965 marisque
974 880 1108 960 fuissent,

262 986 305 1050 Et
320 987 421 1070 liquidi
439 987 526 1051 simul
542 987 637 1068 ignis:
660 999 693 1048 ut
708 985 754 1050 his
770 985 897 1049 exordia
912 988 1015 1070 primis

262 1094 384 1169 Omnia,
400 1105 431 1154 et
447 1095 511 1177 ipse
528 1105 613 1154 tener
628 1089 732 1152 mundi
747 1091 938 1154 concreverit
952 1093 1054 1156 orbis:
1117 1127 1122 1136 ·

261 1195 345 1264 Tum
361 1197 469 1260 durare
485 1195 592 1273 solum,
609 1208 639 1257 et
655 1194 827 1258 discludere
844 1194 950 1260 Nerea
964 1212 1057 1280 ponto

262 1301 411 1386 Coeperit,
427 1317 457 1364 et
472 1322 573 1364 rerum
588 1301 733 1384 paulatim
749 1321 870 1364 sumere
886 1300 1019 1366 formas:
1114 1296 1116 1298 ’

260 1405 391 1489 Jamque
407 1427 518 1470 novum
533 1420 618 1469 terre
635 1419 773 1490 stupeant
789 1406 947 1470 lucescere
963 1409 1080 1487 solem;

261 1508 359 1574 Altibs
375 1525 464 1593 atque
480 1511 590 1574 cadant
604 1508 749 1571 submotis
764 1509 893 1572 nubibus
908 1512 1019 1576 imbres
1034 1535 1041 1572 ι

260 1615 407 1701 lncipiant
423 1615 501 1677 silve
518 1635 609 1698 quum
624 1613 754 1699 primitm
770 1635 906 1700 surgere,
923 1636 1076 1702 quumque

261 1725 346 1789 Rara
359 1746 415 1810 per
431 1725 547 1806 ignotos
563 1737 663 1785 errent
678 1721 817 1786 animalia
832 1738 960 1790 montes.

303 1827 386 1892 Hinc
401 1827 518 1910 lapides
532 1824 656 1909 Pyrrhe
667 1827 778 1910 jactos,
795 1825 937 1892 Saturnia
952 1851 1054 1916 regna,

260 1931 488 2017 Caucasiasque
504 1929 597 1994 refert
611 1931 760 2007 volucres,
772 1929 944 2018 furtumque
961 1934 1148 2002 Promethei.

260 2037 319 2102 His
335 2035 479 2122 adjungit,
496 2032 598 2118 Hylan
614 2047 709 2097 naute
726 2056 786 2120 quo
801 2034 883 2099 fonte
898 2037 1037 2103 relictum

261 2140 476 2218 Clamtlssent5
498 2153 531 2202 ut
546 2139 637 2215 bans,
655 2157 751 2216 urar,
769 2157 867 2218 urna,
883 2163 973 2205 omne
989 2159 1119 2208 sonaret.

259 2247 312 2324 Et,
329 2246 509 2311 fortunatam
526 2247 550 2308 si
566 2265 720 2327 nunquam
737 2255 873 2307 armenta
888 2241 1025 2324 fuissent,
1237 2254 1278 2313 45

258 2352 431 2435 Pasiphaeia
448 2351 526 2414 nivei
542 2350 655 2413 solatur
671 2369 774 2412 amore
785 2349 930 2434 juvenci:

259 2458 329 2522 Ah!
353 2459 437 2540 virgo
452 2455 569 2535 infelix,
586 2475 650 2539 quae
663 2467 694 2517 te
710 2455 862 2518 dementia
878 2457 980 2539 cepit!

258 2563 412 2629 Proetides
424 2558 586 2644 implerunt
601 2558 682 2622 falsis
698 2560 859 2644 mugitibus
875 2555 983 2643 egros;

259 2667 302 2730 At
316 2686 374 2730 non
390 2677 451 2728 tam
467 2677 569 2748 turpes
584 2664 737 2748 pecudum
753 2676 854 2726 tamen
870 2663 931 2726 ulla
947 2677 1051 2728 secuta
1067 2679 1112 2730 est

259 2769 458 2846 Concubitus,
475 2767 610 2853 quamvis
626 2768 704 2831 collo
718 2766 866 2831 timuisset
881 2779 1023 2846 aratrum,
1237 2774 1278 2834 to

260 2874 303 2938 Et
320 2875 398 2959 sape
415 2876 445 2937 in
461 2875 519 2938 levi
536 2871 691 2958 quesisset
706 2893 818 2936 cornua
834 2871 943 2936 fronte.

259 2983 331 3045 Ah!
355 2980 439 3063 virgo
454 2978 569 3057 infelix,
585 2993 617 3040 tu
633 2999 713 3046 nunc
730 2977 759 3039 in
775 2978 925 3043 montibus
941 2999 1045 3044 erras:

258 3087 324 3163 llle,
340 3085 416 3148 latus
432 3084 552 3147 niveum
567 3083 649 3146 molli
666 3081 755 3148 fultus
771 3083 944 3167 hyacintho,

258 3193 332 3256 llice
349 3191 403 3252 sub
419 3187 504 3272 nigra
519 3187 665 3272 pallentes
681 3189 810 3252 ruminat
825 3189 946 3266 herbas,

258 3297 322 3359 Aut
333 3295 463 3378 aliquam
475 3295 505 3356 in
518 3312 626 3376 magno
635 3293 768 3376 sequitur
780 3312 884 3377 grege.
898 3289 1053 3372 Claudite,
1062 3291 1225 3378 Nympbae,
1237 3295 1278 3355 55

260 3401 384 3466 Dictae
401 3398 565 3483 Nympha,
580 3419 739 3462 nemorum
750 3397 815 3483 jam
831 3397 964 3462 claudite
980 3400 1094 3478 saltus;

261 3505 295 3568 Si
312 3503 371 3589 quit
386 3503 462 3566 forte
479 3503 575 3566 ferant
590 3503 686 3568 oculis
701 3525 769 3569 sese
785 3503 873 3567 obvia
888 3503 996 3568 nostris

260 3609 441 3674 Errabunda
457 3605 541 3672 bovis
557 3608 703 3692 vestigia:
727 3606 849 3672 forsitan
864 3607 959 3684 illum,

259 3719 322 3779 Aut
338 3713 432 3778 herbe
447 3729 569 3798 captum
583 3715 682 3791 viridi,
698 3727 748 3777 eut
764 3726 900 3776 armenta
911 3726 1059 3788 secutum,

260 3820 436 3885 Perducant
451 3820 556 3902 aliqua
573 3819 689 3881 stabula
705 3819 743 3880 ad
760 3816 908 3899 Gortynia
922 3836 1035 3878 vacce.
1235 3817 1277 3878 60

303 3927 386 3989 Tum
402 3925 482 3988 canit
499 3922 705 4008 Hesperidum
723 3923 858 3983 miratam
874 3920 955 3983 mala
969 3916 1122 4003 puellam:

203 4077 205 4080 -
256 4030 342 4094 Tum
358 4029 737 4093 Phaethontiadas-musco
752 4024 922 4088 circumdat
938 4042 1046 4086 amatre

259 4133 403 4210 Corticis,
419 4147 508 4214 atque
525 4131 589 4194 solo
604 4149 747 4214 proceras
763 4127 849 4212 erigit
864 4126 959 4192 alnos.

258 4241 343 4303 Tum
360 4237 439 4300 canit
454 4247 603 4298 errantem
621 4231 774 4298 Permessi
792 4231 830 4296 ad
846 4230 971 4296 flumina
985 4228 1106 4296 Gallum
