2956 5132
251 689 313 753 Ant
327 702 446 752 tonsum
462 685 536 747 tristi
552 683 729 766 contingunt
739 701 851 763 corpus
866 680 1000 756 amurci,

251 795 294 860 Et
309 811 429 878 spumas
443 792 576 854 miscent
591 787 716 872 argenti,
732 787 861 870 vivaque
876 785 1000 862 sulfura,

250 897 406 982 ldaeasque
420 896 519 982 pices,
535 908 567 956 et
581 893 709 976 pingues
725 891 856 972 unguine
872 909 971 968 ceras,
1214 894 1282 954 45⁰

253 1003 448 1088 Scillamque,
464 999 677 1081 elleborosque
693 1015 812 1080 graves,
827 997 1008 1080 nigrumque
1019 993 1167 1095 bitumen.

252 1109 322 1174 Non
339 1123 440 1173 umen
456 1105 516 1170 ulla
532 1099 628 1186 magis
643 1121 775 1185 presens
790 1098 909 1164 lortuna
923 1101 1060 1165 laborum
1075 1113 1132 1179 eet,

251 1213 353 1289 Quam
369 1213 394 1275 si
411 1211 478 1295 quis
493 1207 573 1272 l'erro
587 1207 684 1290 potuit
699 1205 876 1269 rescindere
891 1227 1042 1270 summum

252 1316 373 1382 Ulceris
389 1336 447 1378 os:
469 1313 556 1378 alitur
571 1313 687 1387 vitium,
701 1311 835 1393 vivitque
850 1311 993 1395 tegendo,

249 1419 335 1485 Dum
351 1419 490 1483 medicae
506 1417 653 1482 adbibere
667 1435 777 1479 manus
791 1415 831 1478 ad
842 1415 968 1480 vulnera
983 1427 1085 1500 pastor
1211 1421 1276 1482 4⁵5

250 1528 402 1612 Abnegat,
419 1537 469 1589 aut
482 1524 612 1588 meliora
628 1521 704 1586 deos
719 1522 807 1587 sedet
822 1523 925 1586 omina
944 1543 1088 1608 poscens.

253 1631 337 1706 Qun
353 1633 453 1708 etiam,
469 1633 529 1694 ima
546 1629 634 1693 dolor
649 1625 803 1693 balantirm
818 1627 921 1713 lapsus
937 1628 975 1692 ed
991 1649 1060 1692 osae

253 1734 361 1811 Quum
376 1735 454 1812 lurit,
469 1749 560 1820 atque
577 1749 662 1798 artus
678 1733 849 1818 depascitur
864 1734 948 1798 arida
964 1732 1066 1811 febris,

252 1841 374 1906 Profuit
389 1843 523 1906 incensos
537 1855 631 1905 estus
646 1855 794 1917 evenere,
810 1854 841 1905 et
855 1843 933 1907 inter

247 1947 319 2012 lrna
334 1946 422 2010 scrire
436 1948 523 2031 pedis
539 1947 699 2012 salientem
714 1949 863 2030 sanguine
878 1967 999 2022 venam,
1052 2009 1057 2020 ,
1213 1947 1278 2010 460

249 2053 372 2118 Bisaltas
388 2073 449 2136 quo
464 2073 550 2116 more
566 2051 676 2126 solent,
691 2072 825 2134 acerque
842 2052 990 2130 Gelonus,

249 2159 355 2234 Quum
372 2159 447 2243 sugit
462 2160 493 2220 in
509 2159 693 2243 Rhodopen,
710 2174 802 2242 atque
816 2159 847 2221 in
863 2159 984 2222 deserta
999 2153 1159 2236 Getarum,

250 2261 294 2330 Et
309 2265 357 2330 lac
373 2275 553 2328 concretum
567 2283 636 2327 curn
651 2265 798 2347 eangrrine
814 2275 898 2347 potat
914 2262 1038 2347 equino.

293 2370 402 2446 Quam
419 2369 525 2452 procul
540 2383 589 2432 aut
602 2369 683 2433 molli
699 2369 870 2434 succedere
886 2367 995 2454 sepitis
1009 2369 1123 2434 umbre

244 2473 388 2550 Videris,
405 2489 457 2538 aut
471 2492 601 2538 summas
614 2488 793 2558 carpentem
808 2472 945 2556 ignavius
960 2473 1082 2553 herbas,
1215 2479 1278 2542 465

250 2579 495 2664 Extremumque
509 2581 607 2664 aequi,
624 2593 676 2644 aut
691 2579 793 2643 medio
807 2581 1010 2664 procumbere
1025 2601 1136 2666 eesnpo

251 2685 446 2760 Pascentem,
463 2697 494 2748 et
508 2703 584 2750 sere
599 2685 695 2748 solam
711 2684 865 2749 decedere
881 2688 986 2765 nocti;

252 2788 406 2854 Condnud
421 2788 543 2872 culpam
559 2786 641 2852 leno
654 2807 831 2873 compesce,
847 2791 1022 2874 priusquam

252 2893 329 2958 Dira
343 2915 398 2978 per
413 2895 568 2958 incautum
583 2907 707 2977 serpant
721 2894 861 2977 contagia
875 2895 993 2980 uulgus.

250 2997 324 3063 Non
339 3015 399 3063 tam
415 2997 525 3063 creber
539 3017 634 3080 agens
645 2997 779 3062 hiemem
794 3000 853 3062 ruit
868 3019 988 3085 equore
1002 2999 1101 3078 turbo,
1213 3006 1278 3064 470

251 3103 354 3178 Quina
370 3103 470 3168 multe
485 3103 640 3188 pecudum
655 3115 782 3186 penes:
804 3123 862 3169 nec
878 3103 994 3188 singula
1008 3104 1105 3168 morbi

253 3205 392 3293 Corpora
404 3205 580 3292 corripiunt,
594 3209 648 3271 sed
665 3218 729 3271 tota
744 3207 844 3271 estiva
855 3207 992 3293 repenti,

252 3310 408 3397 Spemque
426 3331 611 3396 gregemque
627 3312 727 3389 simul,
739 3325 941 3398 cunctamque
958 3312 996 3378 ab
1011 3314 1126 3398 origine
1141 3324 1274 3398 gentem.

294 3413 378 3480 Tum
395 3416 479 3492 sciat,
497 3417 595 3480 aerias
608 3415 706 3500 Alpes
721 3431 752 3480 et
767 3415 881 3481 Norica
898 3417 1002 3500 siquis

247 3519 387 3585 Castella
403 3520 432 3583 in
447 3519 579 3598 tumulis,
595 3535 628 3582 ct
641 3518 766 3604 Iapydis
780 3541 852 3584 arva
866 3519 999 3596 Timavi,
1211 3525 1274 3585 475

252 3627 344 3691 Nunc
362 3645 482 3710 quoque
498 3625 566 3710 pbat
582 3638 664 3691 tanto
679 3627 792 3704 videat,
809 3627 991 3711 desertaque
1006 3647 1101 3711 regna

254 3727 426 3809 Pastorum,
443 3744 474 3796 et
489 3730 577 3816 longe
593 3733 687 3796 saltus
701 3732 822 3818 latique
838 3747 992 3798 vacantes.

299 3834 358 3899 llic
374 3836 527 3922 quondam
543 3839 648 3902 morbo
663 3840 733 3902 coeli
748 3839 919 3904 miseranda
935 3853 1040 3903 coorta
1055 3854 1101 3904 est

249 3939 445 4025 Tempestas,
462 3954 584 4026 totoque
599 3944 733 4008 autumni
748 3943 903 4006 incanduit
919 3957 1002 4021 estu,

249 4041 294 4108 Et
310 4063 405 4127 genus
419 4064 511 4108 omne
527 4047 595 4111 neci
612 4048 764 4130 pecudum
781 4047 876 4123 dedit,
892 4069 982 4112 omne
998 4047 1142 4126 ferarum,
1208 4053 1274 4113 480

246 4145 457 4234 Corrupitque
473 4148 567 4225 lacus,
582 4150 687 4216 infecit
700 4151 811 4235 pabula
827 4151 908 4214 tabo.

245 4253 279 4318 Ν
281 4273 320 4317 ec
333 4254 385 4318 via
400 4254 507 4320 mortis
521 4271 584 4322 erat
598 4257 727 4343 simplex
741 4279 751 4335 ;
773 4256 829 4322 sed
845 4255 896 4320 ubi
910 4257 1000 4341 ignea
1014 4259 1098 4322 venis
