2914 5130
639 549 755 612 UBER
781 553 830 614 Ν.

239 703 294 772 llle
307 726 402 784 meos,
417 708 537 790 primus
550 703 605 788 qui
618 725 668 767 me
683 703 743 768 n'bi
752 705 867 790 junxit,
881 719 1004 772 amores

237 806 388 872 Abstulit:
410 805 463 872 ille
478 805 597 870 habeat
610 826 727 886 aecum
740 819 904 892 servetque
919 807 1074 894 sepulcro·

235 912 289 977 Sic
304 909 404 992 effata,
418 911 520 976 dnum
535 907 685 996 lacrymis
700 910 841 996 implevit
854 913 983 978 obortis.
1229 917 1271 976 30

280 1017 369 1080 Anna
383 1015 499 1080 referte
523 1013 553 1078 Ο
567 1011 636 1078 luce
650 1015 749 1100 magis
763 1012 878 1079 dilecta
892 1017 1000 1098 sorori,

238 1119 348 1184 Solane
362 1116 518 1205 perpetui¹
529 1136 664 1184 moerens
678 1113 811 1202 carpere
820 1119 971 1204 juvenuit

237 1220 304 1287 Nec
319 1221 429 1287 dulces
443 1235 531 1286 natos
545 1269 554 1299 ‚
569 1220 707 1284 Veneris
720 1241 778 1286 nec
793 1221 923 1308 praemia
936 1220 1043 1286 noris!

236 1323 272 1388 ld
285 1326 426 1390 cinerem
441 1337 492 1389 aut
507 1324 617 1388 llanes
630 1321 736 1388 credis
749 1341 863 1388 curare
877 1322 1035 1408 sepultos?

236 1425 331 1491 Esto:
353 1443 471 1510 aegram
485 1425 560 1490 nulli
576 1423 733 1510 quondam
748 1424 867 1490 flexere
882 1427 1004 1505 mariti3
1227 1433 1268 1492 3⁵

237 1528 307 1592 Non
321 1529 447 1614 Libya,
460 1551 522 1594 non
537 1529 611 1594 entd
626 1527 735 1614 'lym
754 1527 921 1615 despectus
937 1529 1057 1612 larbatq

236 1629 453 1716 Ductoresque
468 1631 521 1696 alii
534 1653 614 1716 quoa
628 1632 737 1700 Africa
751 1645 835 1698 terra
850 1631 1015 1717 triumphis

236 1731 336 1797 Dives
351 1733 425 1800 alit:
447 1733 604 1819 placitone
616 1737 715 1814 ,etism
729 1735 880 1820 pugnabis
895 1738 1017 1800 amorii

235 1835 303 1900 Nec
318 1839 404 1900 venit
418 1839 450 1899 in
464 1849 600 1903 mentem
614 1853 747 1918 quorum
761 1835 940 1900 consederis
954 1841 1063 1904 arvist

235 1938 322 2004 Hinc
336 1935 467 2002 Goetulm
483 1936 586 2017 urbes,
598 1956 696 2022 genus
709 1936 922 2022 insuperabile
938 1937 1035 2018 betto,
1230 1941 1270 2004 to

237 2039 278 2105 Et
293 2039 438 2104 Numidae
453 2041 574 2104 infraeni
587 2039 722 2126 cingunt,
737 2051 768 2104 et
781 2037 936 2126 inhospita
951 2042 1075 2127 Syrus:

237 2145 323 2209 Hinc
338 2143 464 2208 deserta
478 2141 528 2208 siti
542 2142 639 2228 regio,
653 2140 779 2226 latique
793 2141 932 2208 fluentes

237 2245 371 2312 narcaei.
416 2244 499 2327 Quid
514 2243 600 2310 bella
614 2243 705 2330 Tyro
718 2247 878 2331 surgentia
891 2243 1005 2325 dicam

237 2349 450 2432 Germanique
466 2348 585 2414 minaei

234 2451 299 2520 Dis
314 2449 457 2535 equidem
471 2450 651 2536 aruspicibus
663 2471 748 2530 reor,
762 2463 793 2516 et
806 2451 928 2518 Junoue
943 2451 1091 2537 soeuudt,
1231 2463 1271 2522 45

237 2553 314 2620 Huc
331 2574 454 2618 cursum
469 2551 582 2620 iliacae
595 2565 689 2620 vento
703 2555 837 2620 tenuisse
850 2558 988 2622 carinae.

236 2657 341 2740 Quam
355 2669 389 2720 tu
403 2656 523 2736 urbem,
536 2677 635 2736 soror,
649 2655 730 2722 bunc
744 2678 864 2739 cernes
878 2679 947 2745 quo
961 2682 1088 2748 surgere
1100 2675 1211 2750 regna,

239 2759 396 2848 Conjugio
409 2757 480 2824 tali!
503 2757 661 2824 Teucnlm
675 2761 896 2826 comitantibus
909 2762 1017 2844 armis,

239 2863 357 2927 Punica
371 2883 405 2926 se
420 2864 543 2946 quantis
558 2861 677 2941 attollet
690 2861 790 2950 gloria
803 2864 916 2928 rebus!

238 2963 290 3029 Tu
305 2963 399 3029 modd
413 2985 507 3050 posce
521 2963 599 3030 deos
613 2965 756 3045 veniam3
777 2970 939 3052 sacrisque
953 2967 1060 3052 litatis,
1232 2975 1273 3034 ⁵0

239 3066 369 3155 indulge
384 3065 528 3153 bospitio,
542 3087 716 3152 causaeque
731 3071 853 3134 innecte
868 3070 1030 3152 morandi3

238 3167 324 3236 Dum
339 3171 452 3257 pelago
465 3168 593 3238 desevit
607 3169 717 3252 hiems,
732 3183 763 3236 et
777 3193 912 3258 aquosus
925 3173 1035 3256 Orion,

240 3275 463 3359 Quassateque
478 3288 571 3355 rates,
586 3274 660 3342 dum
675 3297 736 3342 non
751 3275 916 3342 tractabile
929 3277 1054 3342 coelmu.

238 3378 304 3444 His
318 3377 412 3442 dictis
425 3380 585 3444 incensum
599 3382 736 3444 animum
750 3377 950 3444 inflammavit
964 3399 1081 3460 amore,

238 3483 398 3568 Spemque
413 3481 500 3546 dedit
513 3479 616 3546 dubie
630 3483 739 3560 menti,
751 3479 902 3564 solvitque
916 3477 1079 3566 pudorem.

285 3583 442 3668 Principio
454 3581 586 3648 delubra
601 3579 726 3663 adeunt,
739 3601 912 3667 pacemque
926 3601 984 3667 per
998 3599 1072 3644 urae

239 3685 435 3771 Exquirunt:
457 3697 594 3750 mactant
608 3683 707 3750 lectus
720 3682 760 3749 de
775 3706 861 3751 more
876 3683 1022 3762 bidentes

240 3785 395 3874 negitare
410 3785 530 3868 Cereri,
545 3787 737 3873 Phoeboque,
751 3791 896 3874 patrique
909 3787 1028 3873 Lym

238 3891 357 3957 Junoni
371 3905 442 3958 ante
456 3911 573 3973 omues,
586 3895 638 3958 cui
653 3890 758 3956 vincla
767 3888 886 3977 jugalia
900 3909 994 3954 cura.

238 3993 325 4080 ipsa,
336 4006 444 4058 tenens
458 3993 569 4062 dextri
584 4007 737 4082 pateram,
750 3989 963 4078 pulcherrima
978 3990 1063 4059 Dido

239 4091 416 4159 Candeutis
430 4115 534 4162 vacce
548 4095 653 4162 media
666 4096 747 4160 inter
759 4113 878 4158 cornua
893 4092 1009 4158 fundit:

241 4199 307 4264 Aut
321 4212 393 4266 ante
407 4220 467 4266 ora
481 4200 575 4268 deilm
587 4202 718 4288 pingues
732 4201 885 4285 spatiatur
899 4196 940 4266 ad
956 4219 1037 4280 eras,
1051 4279 1055 4286 ,
