2978 5124
180 495 237 552 328
617 491 806 553 AENEIDOS

222 653 363 736 Quatuor
378 650 430 718 bie
447 653 588 740 juvenes,
603 652 741 733 totidem,
756 675 834 739 ques
849 651 963 720 educat
978 653 1086 738 Ufens,

223 755 376 820 Viventes
390 758 483 840 rapit,
497 755 622 820 inferias
638 777 715 840 quos
730 757 865 821 immolet
880 757 1008 841 umbris,

221 857 420 944 Captivoque
434 858 500 944 rogi
513 857 679 943 perfundat
693 859 840 946 sanguine
856 859 1006 926 flammas

224 961 300 1028 lnde
316 963 409 1048 Mago
425 959 534 1048 procul
548 961 699 1026 infensam
714 963 916 1028 contenderat
931 963 1051 1032 hastam
1064 991 1072 1044 ;

223 1065 280 1131 llle
295 1079 361 1131 astu
377 1065 469 1144 subit,
485 1087 521 1128 ac
537 1064 741 1129 tremebunda
755 1065 935 1150 supervolat
950 1065 1057 1133 hasta:

222 1167 264 1232 Et
277 1189 378 1254 genua
393 1165 583 1250 amplectens
599 1164 708 1230 ellatur
723 1165 797 1230 talia
813 1166 963 1252 supplex:

224 1269 284 1334 Per
297 1269 413 1354 patrios
429 1289 543 1348 manes,
557 1289 616 1354 per
630 1289 701 1354 spes
716 1269 867 1355 surgentis
883 1270 950 1352 tuti,

221 1371 270 1434 Te
285 1392 406 1456 precor,
421 1369 502 1434 hanc
518 1373 652 1434 animam
668 1391 774 1434 serves
789 1383 923 1457 natoque
938 1373 1093 1458 patrique.

222 1471 278 1536 Est
292 1472 401 1538 domus
417 1471 500 1536 alta:
518 1473 626 1558 jacent
639 1471 761 1557 penitirs
776 1473 899 1538 defossa
915 1475 1030 1540 talenta

222 1575 335 1641 Celati
350 1579 486 1662 argenti:
509 1589 579 1640 sunt
594 1575 661 1640 auri
675 1575 816 1661 pondera
831 1577 905 1642 iacti
960 1639 966 1650 ,

223 1675 393 1762 lnlectique
409 1678 501 1742 mihi:
524 1699 584 1742 non
600 1675 653 1742 hic
668 1679 799 1742 victoria
814 1679 973 1744 Teucnim

222 1778 375 1858 Vertitur,
389 1793 442 1842 aut
457 1781 560 1842 anima
576 1799 636 1842 una
652 1777 740 1842 dabit
754 1777 935 1844 discrimina
950 1791 1046 1845 tanta.

194 1887 196 1892 ’
223 1881 367 1946 Dixerat.
411 1879 529 1946 AEncas
543 1883 649 1946 contri
665 1885 716 1946 cui
731 1881 805 1946 talia
820 1882 941 1947 reddit:

223 1987 352 2070 Argenti
368 1995 461 2069 atque
476 1983 544 2047 auri
559 2005 712 2050 memoras
726 2005 796 2068 quae
812 1984 907 2048 multa
923 1984 1049 2067 talenta,

222 2087 331 2152 Gnatis
346 2107 441 2173 parce
457 2086 532 2150 tuis:
555 2085 630 2150 belli
644 2087 832 2150 commercia
847 2088 970 2152 Tamus

223 2191 350 2256 Sustulit
363 2195 422 2256 ista
437 2193 532 2275 prior,
542 2191 608 2276 jam
624 2201 686 2254 tum
703 2189 842 2254 Pallante
857 2207 1028 2278 perempto.

223 2300 297 2364 Hoc
312 2298 409 2383 patris
424 2296 569 2360 Anchisae
584 2317 699 2376 manes,
714 2295 774 2360 hoc
790 2299 880 2362 sentit
895 2297 990 2366 liilus.

222 2402 275 2466 Sic
291 2401 380 2480 satus,
394 2399 516 2486 galeam
532 2397 610 2463 taevt
624 2411 717 2480 tenet,
732 2413 826 2486 atque
840 2401 959 2466 reflexit

110 2579 113 2588 Ι
222 2503 355 2568 Cervice
370 2505 488 2568 orantis
501 2502 615 2586 capulo
629 2514 717 2566 tenus
732 2501 869 2588 applicat
882 2525 998 2570 ensem.

222 2605 291 2670 Nec
306 2604 414 2691 procul
430 2603 643 2685 Haemonides,
658 2604 769 2669 Phoebi
784 2605 961 2692 Triviaeque
976 2605 1134 2688 sacerdos,

222 2707 322 2774 lnsula
336 2711 387 2772 cui
402 2707 492 2770 sacri
506 2707 675 2772 redimibat
690 2721 830 2794 tempora
845 2709 929 2790 viui,

117 2828 123 2837 '
222 2813 321 2878 Totus
335 2811 493 2876 collucens
507 2824 593 2875 veste
608 2823 701 2896 atque
715 2812 888 2898 insignibus
904 2816 1016 2892 armis3

221 2917 323 2997 Quem
337 2934 521 3000 congressus
536 2916 599 3003 agit
613 2933 733 2998 campo,
750 2912 933 2998 lapsumque
947 2927 1125 3000 superstans

223 3016 372 3096 lmmolat,
387 3015 562 3102 ingentique
577 3015 686 3078 umbri
701 3019 796 3102 tegit:
818 3037 906 3081 arma
921 3018 1061 3082 Serestus

221 3121 320 3185 Lecta
334 3115 432 3186 refert
447 3118 590 3196 humeris,
606 3117 672 3198 tibi,
686 3139 743 3182 rex
757 3118 908 3200 Gradive,
922 3132 1083 3206 tropaeum.

222 3223 395 3289 instaurant
410 3221 503 3301 acies,
518 3220 654 3286 Vulcani
668 3224 766 3306 stirpe
779 3233 903 3286 creatus

221 3326 376 3406 Caeculus,
390 3339 422 3389 et
435 3325 562 3390 veniens
577 3325 752 3388 Marsorum
767 3326 922 3390 montibus
938 3323 1071 3390 Umbro.

220 3428 422 3496 Dardanides
436 3429 544 3492 contra
559 3428 642 3492 lurit.
685 3429 821 3494 Anxuris
836 3449 910 3493 ense
924 3429 1089 3509 sinistram,
1188 3439 1250 3495 545

220 3533 262 3598 Et
276 3545 371 3597 totum
385 3531 493 3618 clypei
507 3531 590 3596 ierro
604 3529 764 3616 dejecerat
778 3531 897 3596 orbem.

220 3635 356 3700 Dixerat
369 3633 420 3698 ille
435 3633 552 3718 aliquid
567 3653 721 3719 magnum,
735 3635 859 3720 vimque
873 3633 969 3700 affore
984 3637 1082 3702 verbo

220 3735 420 3816 Crediderat,
436 3735 578 3820 coeloque
592 3737 728 3800 animum
743 3739 873 3802 sortasse
888 3739 1019 3820 ferebat,

220 3839 439 3924 Canitiemque
454 3837 514 3904 sibi
529 3850 561 3901 et
575 3837 681 3924 longos
695 3839 881 3923 promiserat
895 3861 1002 3905 annos.

220 3942 391 4027 Tarquitus
406 3939 564 4008 exsultans
578 3941 685 4004 contrd
701 3940 885 4025 fulgentibus
900 3945 1005 4022 mmis,
1182 3951 1252 4008 ¹5⁵0

221 4043 375 4110 Siluicole
391 4043 499 4108 Fauno
513 4042 646 4128 Dryope
660 4061 753 4128 quem
767 4041 917 4129 Nympha
931 4045 1064 4126 crearat,

221 4147 342 4214 Obvius
357 4144 478 4212 ardenti
492 4165 561 4210 sese
575 4144 706 4210 obtulitt
728 4143 783 4211 ille
797 4143 927 4212 reducti
1139 4147 1144 4160 '
