2992 5102
145 471 192 525 ’ΒΞ

545 469 834 530 naonutcottbnt

243 618 308 683 Sed
325 620 438 684 truncis
452 619 663 700 cleemeliira,
680 623 846 709 propagine
862 623 949 703 vitos,

119 745 124 756 ·
203 722 419 810 Respondent,
436 725 533 788 solido
550 726 674 810 Paphia
691 730 731 792 de
743 728 853 792 robore
868 741 1005 812 myrtunt

199 827 316 893 Plautia
332 843 363 892 et
378 831 460 894 durae
473 832 569 914 coryli
585 851 760 911 nascuntur,
776 845 808 896 et
823 833 929 915 ingena
1187 837 1230 900 65

202 929 366 1011 Fraxinus,
384 932 609 1020 Herculemque
625 938 715 1000 arbos
728 937 871 1002 umbrosa
885 958 1017 1014 corone,

199 1033 392 1124 Chaoniique
408 1042 501 1126 patris
516 1041 642 1124 glandes
656 1062 665 1118 ;
688 1041 780 1106 etiam
796 1043 892 1106 ardua
903 1042 1006 1126 palma

201 1143 356 1224 Nascitur,
373 1161 404 1210 et
419 1169 509 1212 casus
524 1147 609 1211 abies
625 1148 725 1211 visura
742 1149 883 1212 marinos.

201 1247 347 1314 Inseritur
362 1250 436 1315 verb
452 1267 483 1316 et
498 1251 573 1316 loetu
589 1253 675 1316 nucis
691 1253 814 1327 arbutus
830 1251 968 1330 borrida3

202 1353 244 1418 Et
260 1355 378 1421 steriles
393 1357 503 1442 platani
519 1358 615 1421 malos
630 1355 752 1441 gessere
767 1357 926 1435 valentes;
1188 1361 1230 1420 70

200 1461 360 1528 Castaneoe
377 1463 473 1547 sagus,
489 1483 642 1546 ornusque
657 1461 791 1528 incanuit
806 1461 875 1526 albo

201 1563 294 1629 Flore
310 1568 389 1651 piri3
412 1566 616 1650 glandemque
632 1587 703 1628 aues
718 1564 838 1649 fregere
854 1565 910 1630 sub
927 1565 1027 1630 ulmis.

245 1669 315 1734 Nec
330 1673 443 1740 modus
454 1671 600 1746 inserere,
617 1684 708 1754 atque
723 1671 830 1735 oculos
845 1671 1014 1756 imponere,
1030 1669 1183 1756 simplex:

200 1773 284 1838 Nam
300 1773 360 1859 quia
376 1796 409 1839 se
426 1775 530 1840 medio
545 1775 670 1838 trudunt
685 1775 724 1838 de
740 1776 856 1840 cortica
872 1797 1012 1860 gemme,

201 1879 245 1944 Et
260 1895 367 1946 tenues
382 1897 524 1966 rumpunt
540 1881 668 1956 tunicas,
684 1895 827 1963 augustus
843 1883 872 1944 in
888 1883 955 1965 ipso
1187 1885 1228 1945 '15
1267 1863 1269 1870 ¹

198 1984 252 2051 Fit
268 1988 349 2051 nodo
365 1987 471 2067 sinus;
493 1986 554 2058 buo
570 1984 669 2049 alienia
684 2008 724 2050 ox
740 1987 849 2055 arbore
861 2007 988 2070 germen

199 2093 373 2174 Includunt,
385 2095 509 2180 udoque
525 2096 638 2159 docent
653 2095 823 2159 inolescere
839 2097 939 2160 libro:

200 2199 264 2266 Aut
279 2221 399 2266 rursum
415 2199 532 2264 enodes
546 2199 644 2262 trunci
659 2213 848 2279 resecantur,
864 2214 896 2264 et
910 2200 969 2266 alab

201 2305 342 2370 Finditur
357 2307 386 2370 in
403 2306 534 2368 subdam
550 2306 656 2369 cuneis
671 2305 743 2384 via;
765 2306 877 2370 deinde
894 2305 1013 2371 sameas

129 2473 135 2482 ,
200 2407 317 2475 Planta
330 2413 551 2474 immittuntur:
573 2431 631 2474 nec
647 2409 770 2496 longum
786 2425 917 2496 tempus,
934 2427 966 2478 et
979 2415 1086 2500 ingena
1187 2421 1229 2481 80

201 2511 289 2578 Exiit
304 2514 343 2578 ad
358 2515 471 2579 coelum
488 2512 580 2576 ramis
596 2511 735 2578 felicibus
750 2514 850 2593 arbos,
1002 2535 1004 2538 ·
1122 2495 1134 2534 ⁸
1166 2564 1168 2572 ,

202 2619 392 2705 Miraturque
408 2637 502 2684 novas
517 2617 642 2682 frondes
657 2634 689 2684 et
703 2641 763 2684 non
780 2641 833 2684 sua
849 2642 952 2706 poma.

245 2722 400 2788 Praeterea
415 2744 511 2808 genus
526 2723 607 2787 haud
625 2745 729 2802 unum,
745 2745 803 2787 nec
819 2725 945 2792 sortibus
960 2727 1060 2808 ulmis,

202 2829 272 2894 Nec
288 2829 383 2908 salici,
399 2831 533 2914 lotoque,
549 2849 608 2892 nec
624 2829 712 2894 ldeia
727 2832 914 2914 cyparissis:

203 2936 273 3002 Nec
289 2937 417 3022 pingues
433 2957 524 3000 unam
539 2937 569 2998 in
586 2934 696 2999 faciem
713 2951 877 3001 nascuntur
891 2939 989 3017 olivae,
1186 2947 1226 3008 85

83 3036 92 3050 ’
201 3039 375 3119 Orchades,
392 3054 423 3107 et
438 3042 525 3121 radii,
541 3053 573 3104 et
588 3040 692 3106 amerb
705 3042 812 3126 pausia
827 3043 947 3127 baceh5

202 3150 375 3232 Pomaque,
391 3160 423 3211 et
438 3147 558 3212 Alcinoi
575 3145 679 3226 silvaeq
701 3167 760 3210 nec
776 3149 916 3214 surculus
930 3152 1014 3215 idem

201 3251 396 3328 Crustumiis,
414 3249 572 3336 Syriisque
589 3253 670 3336 piris,
687 3251 890 3338 gravibusque
905 3256 1043 3320 volemis.

247 3359 319 3424 Nou
336 3357 446 3421 eadem
462 3357 617 3420 arboribus
632 3360 747 3442 pendet
762 3359 917 3424 vindemia
930 3363 1050 3440 unsuis,

203 3465 307 3542 Quam
323 3463 529 3548 Methymnaeo
544 3465 641 3549 carpit
656 3467 696 3529 de
711 3465 835 3550 pabnite
851 3466 992 3532 Lesbos:
1187 3473 1229 3534 90

205 3573 282 3638 Sunt
297 3571 420 3635 Thasie
431 3570 518 3648 vites,
535 3583 603 3634 sunt
618 3584 650 3634 et
665 3571 854 3636 Mareotides
870 3574 944 3638 albe
958 3597 969 3657 ;

164 3721 166 3740 .
203 3677 372 3762 Pinguibus
386 3675 432 3738 hm
448 3675 535 3738 terris
551 3675 677 3753 habiles,
692 3676 855 3742 levioribus
870 3679 950 3743 ille:

204 3779 248 3845 Et
262 3802 352 3866 passo
365 3779 473 3864 psithia
489 3780 597 3857 utilior,
609 3780 768 3865 tenuisque
785 3781 888 3868 lageos
914 3835 916 3840 ,

202 3885 371 3951 Tentatura
386 3886 484 3969 pedes
493 3885 581 3962 olim,
597 3886 794 3969 vincturaque
810 3885 967 3968 liuguam3

203 3990 382 4073 Purpureae,
398 3985 593 4074 piediaqu03
616 4004 752 4073 ct-quo
767 4002 798 4052 te
813 3990 949 4054 carmine
965 3992 1077 4076 dicam,
1186 3997 1228 4060 95

204 4093 371 4162 Rbaetioa?
395 4115 453 4158 nac
468 4095 553 4160 cellis
564 4096 639 4161 ideo
654 4094 806 4160 contende
823 4093 973 4164 Falernis.

86 4281 92 4300 Ι
207 4201 286 4268 Sunt
300 4213 331 4266 et
345 4198 488 4267 Amidae
503 4201 590 4280 vites,
606 4201 776 4272 flaminino
791 4202 870 4281 vina,
