2978 5124
246 465 284 522 tt
667 463 854 526 AENEIDOS

266 617 463 682 incassumve
478 631 545 682 tuos
559 614 642 680 volui
655 636 805 681 exercere
819 614 962 696 labores3

265 717 414 802 Quemvis
429 731 460 782 et
475 719 590 782 Priami
604 716 753 784 deberem
769 716 901 802 plurima
915 720 1004 800 natis,

264 820 305 886 Et
318 819 429 885 durum
445 819 549 885 AEneae
565 820 717 885 flevissem
731 820 814 905 saepd
829 818 980 884 laborem.

249 922 354 988 'Nunc
366 922 456 988 lovis
470 923 608 1008 imperiis
624 922 808 988 Rutulorum
822 923 958 988 constitit
970 923 1050 987 crisa

264 1023 347 1112 Ergo
362 1024 472 1090 eadem
486 1024 619 1111 supplex
633 1028 735 1104 venio,
749 1037 780 1088 et
793 1037 933 1093 sanctum
947 1025 1024 1090 mihi
1036 1047 1150 1092 numen

264 1129 361 1192 Arma
378 1147 453 1212 rogo
467 1127 608 1214 genetrix
622 1139 706 1194 nato.
750 1129 797 1192 Te
813 1126 875 1192 fitia
889 1126 997 1210 Nerei,

263 1227 312 1292 'l'e
326 1229 423 1314 potuit
437 1228 586 1316 lacrymis
601 1230 747 1295 Tithonia
761 1229 886 1294 flectere
900 1230 1026 1316 conjux.

243 1361 249 1372 ·
263 1331 399 1417 Adspice
414 1335 467 1417 qui
481 1335 593 1398 coeant
606 1333 724 1419 populi,
738 1353 806 1418 quoe
821 1331 935 1396 moenia
948 1330 1063 1396 clausis
1227 1339 1289 1398 585

263 1433 393 1500 Ferrum
408 1449 519 1502 acuant
533 1439 630 1522 portis
645 1436 676 1500 in
689 1458 739 1500 me
754 1435 971 1519 excidiumque
986 1455 1134 1500 meorum.
1170 1414 1206 1544 j*

305 1535 457 1616 Dixerat3
478 1549 509 1602 et
524 1541 622 1602 niveis
637 1537 710 1602 hinc
725 1551 818 1624 atque
834 1537 905 1602 binc
920 1536 994 1602 diva
1008 1536 1134 1601 lacertis

262 1637 467 1704 Cunctantem
482 1639 627 1724 amplexu
641 1639 726 1704 molli
740 1641 842 1705 fovet:
864 1638 918 1704 ille
933 1639 1061 1724 repent&

260 1742 393 1826 Accepit
406 1741 528 1806 solitam
542 1743 709 1822 flammam,
723 1755 873 1828 notusque
888 1741 1039 1808 medullas

260 1844 389 1910 lntravit
403 1845 500 1927 calor,
514 1859 545 1911 et
560 1845 716 1912 labefacta
731 1869 788 1932 per
802 1868 874 1913 ossa
885 1847 1042 1912 cucurritt
1226 1853 1288 1910 890

260 1945 331 2012 Non
346 1946 435 2014 sectis
449 1963 542 2033 atque
557 1948 629 2014 olim
644 1950 755 2014 tonitru
770 1971 864 2035 quum
878 1963 970 2036 rupta
985 1969 1117 2014 corusco

259 2048 354 2135 lgnea
367 2049 446 2116 rima
460 2052 579 2114 micans
594 2051 747 2135 percurrit
761 2049 875 2115 lumine
890 2049 1022 2114 nimbos.

258 2155 360 2220 Sensit
374 2154 444 2220 laeta
459 2153 538 2221 dolls
552 2169 582 2220 et
598 2157 703 2220 lormae
717 2157 842 2221 conscia
857 2158 982 2242 conjux.

256 2255 338 2321 Tum
353 2269 441 2342 pater
455 2270 572 2322 eterno
586 2257 667 2320 satur
682 2255 842 2322 devinctus
857 2277 982 2338 amore3

255 2359 341 2443 Quid
355 2381 466 2425 causas
481 2363 561 2445 petis
576 2381 616 2424 ex
631 2359 716 2424 attor
737 2359 853 2426 fiducie
865 2359 959 2424 cessit
1223 2364 1282 2422 395
1372 2343 1375 2352 ¹

256 2461 327 2546 Qud
341 2463 407 2542 tibi,
421 2461 505 2540 diva,
519 2465 603 2526 mei?
625 2461 731 2527 similis
746 2463 772 2527 si
785 2483 862 2526 cura
877 2463 992 2542 inisset,

255 2563 337 2628 Tum
352 2585 474 2649 quoque
490 2563 536 2628 sas
551 2563 640 2628 nobis
656 2565 796 2628 Teucros
811 2583 934 2627 armare
947 2561 1073 2644 fuisset3

255 2665 323 2730 Nec
337 2679 426 2750 pater
439 2665 630 2750 omnipotens
645 2665 774 2752 'frojam
789 2687 846 2730 nec
861 2665 926 2729 fata
941 2663 1089 2729 vetabant

255 2768 355 2848 Stare,
369 2767 540 2852 decemque
555 2765 631 2830 alios
647 2767 802 2832 Priamum
817 2788 978 2852 superesse
992 2787 1050 2852 per
1065 2785 1171 2829 armos.

254 2865 296 2934 Et
310 2889 401 2948 nunc,
415 2869 440 2932 si
454 2867 574 2933 bellare
588 2891 692 2954 paras,
711 2881 803 2954 atque
819 2869 887 2934 baec
902 2869 960 2932 tibi
975 2888 1061 2932 mens
1076 2880 1132 2946 est,
1219 2873 1280 2932 ⁴00

253 2972 412 3058 Quidquid
427 2974 456 3038 in
472 2987 537 3038 arte
553 2973 621 3037 med
635 2995 759 3059 possum
773 2976 1062 3060 promitteremus,

253 3075 345 3158 Quod
360 3075 427 3140 fieri
441 3076 524 3140 ferro
538 3075 695 3161 liquidove
709 3087 811 3160 potest
825 3074 951 3156 electro,

250 3175 408 3261 Quantdm
423 3181 509 3264 ignes
523 3177 693 3262 animeque
709 3175 829 3258 valent3
851 3177 966 3242 absiste
980 3173 1138 3263 precando

252 3281 382 3348 Viribus
398 3279 570 3346 indubitare
586 3280 655 3344 tuis.
699 3279 747 3345 Ea
762 3279 860 3346 verba
875 3278 1003 3360 locutus,

251 3383 383 3469 Optatos
397 3381 483 3446 dedit
498 3381 669 3468 amplexus,
683 3381 900 3469 placidumque
914 3381 1023 3468 petivit
1215 3389 1275 3446 405

252 3483 400 3571 Coniugis
415 3483 529 3547 inlusus
543 3486 661 3568 gremio
676 3505 732 3568 per
746 3483 886 3548 membra
900 3503 1055 3568 soporem.

293 3586 437 3654 lndeubi
450 3585 550 3670 prima
565 3589 663 3669 quite,
673 3585 775 3650 medio
785 3587 851 3672 jam
866 3587 964 3650 noctis
979 3585 1099 3649 abactae

251 3687 425 3768 Curriculo,
440 3687 602 3771 expulerat
616 3709 774 3766 somnum3
796 3709 889 3772 quum
902 3687 1029 3752 ioemina
1044 3685 1184 3772 primum,

251 3791 311 3857 Cui
326 3792 458 3856 tolerare
473 3789 543 3856 colo
557 3791 653 3854 vitam
668 3792 812 3872 tenuique
827 3788 971 3854 Minervd

251 3895 438 3979 impositum,
453 3895 589 3957 cinerem
604 3905 634 3956 et
649 3895 765 3978 sopitos
779 3889 905 3955 suscitat
920 3891 1015 3978 ignes,
1215 3903 1273 3960 tto

251 3993 382 4060 Noctem
396 3993 515 4059 addens
530 3995 627 4080 operi,
642 3992 832 4078 famulasque
848 3989 889 4056 ad
904 3991 1018 4058 lumina
1033 3993 1123 4082 longo

250 4095 386 4162 Exercet
400 4117 505 4186 penso,
520 4110 640 4163 castum
655 4109 686 4162 ut
700 4117 827 4162 servare
841 4093 945 4160 cubile
980 4173 986 4183 Ι
