2956 5132
664 513 780 576 trualt
799 516 848 576 lll.

258 667 466 751 Caulonisque
480 683 582 743 arces,
597 675 629 728 et
642 665 834 752 navifragum
850 666 1048 753 Scylaceum.

257 772 340 835 Tum
355 765 496 857 procule
511 765 606 830 fluctu
620 765 786 831 'Trirracria
800 769 936 832 cernitur
952 768 1063 834 AEtna:

259 872 302 938 Et
315 871 459 959 gemitum
474 870 630 956 ingentem
643 869 754 955 pelagi,
768 870 952 956 pulsataque
966 893 1046 936 saxa

259 974 409 1040 Audimus
424 972 529 1059 lougd,
540 973 716 1056 fractasque
732 971 773 1036 ad
789 971 890 1036 littora
904 995 1016 1054 voces3

261 1076 488 1161 Exsultantque
503 1074 595 1156 vada,
610 1088 703 1159 atque
716 1087 794 1140 aestu
808 1077 973 1142 miscentur
987 1099 1102 1144 arena.

259 1179 300 1245 Et
313 1193 406 1266 pater
421 1177 593 1244 Anchises:
616 1177 768 1242 Nimirum
782 1177 852 1242 haec
866 1178 918 1242 illa
932 1179 1133 1268 Charybdis:

261 1282 330 1346 Hos
346 1280 492 1345 Helenus
506 1278 658 1366 scopulos,
673 1278 742 1344 hoec
756 1299 835 1344 saxa
849 1279 1014 1362 horrenda,
1028 1283 1171 1347 canebat.

259 1383 392 1468 Eripite,
406 1405 427 1448 o
442 1383 525 1462 socii,
539 1385 718 1468 pariterque
734 1383 881 1468 insurgite
895 1385 1000 1454 remis.

263 1484 360 1552 Haud
375 1484 475 1550 minus
490 1507 527 1550 ac
538 1488 617 1572 jussi
633 1485 766 1550 faciunt:
788 1485 966 1570 primusque
980 1485 1141 1553 rudentem

263 1589 418 1654 contorsit
433 1589 527 1654 laevas
541 1612 667 1676 proram
683 1589 844 1654 Palinurus
858 1590 900 1656 ad
914 1589 1033 1670 undas3

264 1691 389 1756 Lmvam
404 1705 516 1758 cuncta
530 1693 644 1758 cohors
659 1693 752 1756 remis
766 1693 927 1778 ventisque
941 1693 1059 1777 petivit.

263 1794 414 1860 Tollimur
428 1797 459 1860 in
474 1795 587 1860 coelum
601 1807 731 1860 curvato
744 1797 872 1882 gurgite,
888 1807 919 1860 et
933 1794 1017 1861 idem

265 1895 423 1962 Subducta
438 1896 480 1962 ad
492 1897 604 1980 Manes
618 1896 695 1962 imos
709 1895 877 1962 desidimus
892 1896 986 1962 unda.

265 1997 329 2062 Ter
342 1997 464 2084 scopuli
477 1998 646 2064 clamorem
661 2001 741 2062 inter
755 2019 835 2062 cava
849 2020 925 2064 saxa
939 1998 1075 2080 dedere,

265 2101 328 2168 Ter
342 2123 484 2188 spumam
498 2101 605 2167 elisam
620 2114 651 2166 et
664 2102 800 2166 rorantia
813 2101 945 2166 vidimus
959 2115 1054 2178 astra.

307 2205 428 2268 Interea
442 2203 539 2268 sessos
554 2215 662 2268 ventus
676 2224 747 2266 cum
761 2201 826 2266 sole
841 2199 985 2288 reliquit,

265 2307 430 2393 lgnarique
444 2309 513 2385 viae,
529 2304 705 2392 Cyclopum
720 2304 886 2369 allabimur
901 2307 974 2368 oris.

266 2409 378 2472 Portus
392 2407 433 2470 ab
446 2427 574 2472 accessu
589 2420 749 2490 ventorum
767 2407 919 2484 immotus,
933 2422 964 2470 et
978 2407 1084 2494 ingens

265 2510 358 2596 lpse,
380 2508 435 2574 sed
449 2507 603 2574 horrificis
613 2508 703 2594 juxti
717 2520 802 2572 tonat
818 2506 909 2572 AEtna
923 2508 1029 2590 ruinis,

265 2609 485 2699 luterdumque
500 2625 599 2678 atram
612 2614 786 2697 pronrmpit
800 2611 841 2676 ad
856 2612 974 2677 athera
989 2614 1111 2700 nubem,

266 2714 406 2781 Turbine
420 2718 587 2782 fumantem
600 2715 702 2800 piceo,
716 2727 747 2778 et
761 2715 913 2780 candente
929 2715 1052 2797 favilli3

265 2817 447 2903 Attollitque
460 2817 569 2905 globos
583 2817 784 2898 flammarum,
799 2830 830 2882 et
844 2817 947 2882 sidera
962 2817 1089 2886 lambit:

267 2922 425 2988 lnterdum
439 2920 581 3008 scopulos
596 2919 765 3005 avulsaque
780 2922 902 2984 viscera
916 2925 1027 2986 montis

267 3025 368 3111 Erigit
381 3037 534 3105 eructaru,
548 3023 778 3108 liquefactaque
792 3045 870 3088 saxa
883 3024 941 3088 sub
956 3045 1047 3092 auras

267 3127 349 3192 Cum
362 3129 475 3215 gemitu
488 3125 649 3213 glomerat,
663 3126 820 3212 fundoque
835 3140 984 3192 exaestuat
998 3129 1069 3194 imo.

267 3230 366 3296 Fama
379 3244 428 3296 est
442 3229 592 3296 Enceladi
606 3231 783 3298 semiustum
797 3229 923 3296 fulmine
938 3254 1051 3318 corpus

267 3333 384 3420 Urgeri
399 3333 477 3400 mole
492 3333 562 3414 hac,
576 3334 790 3420 ingentemque
806 3334 929 3419 insuper
944 3334 1066 3402 AEtnam

266 3436 445 3522 impositam
458 3437 554 3524 ruptis
570 3436 725 3502 flammam
740 3439 901 3522 exspirare
916 3437 1064 3515 caminis,

267 3541 319 3622 Et,
333 3539 446 3606 sessum
460 3545 579 3628 quoties
592 3556 689 3609 mutet
703 3543 791 3624 latus,
806 3543 971 3608 intremere
986 3565 1108 3610 omnem

267 3643 430 3708 Murmure
444 3643 650 3725 Trinacriam,
663 3659 694 3710 et
707 3647 820 3711 coelum
834 3645 1001 3710 subtexere
1016 3647 1109 3712 sumo.

268 3847 476 3930 Perlerimus3
496 3873 648 3936 nec,qum
664 3853 794 3918 sonitum
808 3851 862 3916 det
875 3873 978 3930 causa,
993 3851 1154 3920 videmus:

265 3949 352 4018 Nam
367 3971 466 4036 neque
480 3969 567 4020 erant
581 3968 733 4020 astrorum
747 3955 843 4040 ignes,
857 3975 915 4026 nec
930 3953 1050 4021 lucidus
1063 3957 1163 4024 ethra

266 4051 401 4118 Siderea
414 4055 522 4140 polus;
542 4059 675 4122 obscuro
689 4057 745 4122 sed
761 4055 866 4121 nubila
881 4054 981 4138 coeto;

260 4153 311 4226 Et
326 4153 431 4226 lunam
444 4161 477 4222 in
490 4160 596 4226 nimbo
609 4181 671 4226 nox
685 4161 868 4245 intempesta
882 4160 1018 4230 tenebat.
