2978 5124
712 509 829 570 LIBER
849 509 926 572 vllt.

309 679 392 764 Quid
407 695 577 746 memorem
592 675 737 742 infandas
752 675 866 759 caedes,
882 677 957 764 quid
973 679 1057 744 facta
1072 682 1199 764 tyranni

310 784 434 850 Effera!
477 781 523 846 Di
537 782 634 867 capiti
649 783 745 866 ipsius
759 783 927 867 generique
942 783 1119 847 reservent!

310 887 434 951 Mortua
449 885 523 970 quin
538 887 633 948 etiam
644 882 796 969 jungebat
809 905 943 968 corpora
959 886 1048 966 vivis,
1282 888 1345 946 485

312 989 509 1074 Componens
525 987 729 1072 manibusque
745 1009 852 1051 manus
868 1001 960 1073 atque
974 991 1082 1054 oribus
1096 1009 1162 1070 ora,

312 1091 471 1156 Tormenti
485 1091 599 1178 genus!
624 1103 655 1154 et
669 1091 755 1154 sanie
770 1090 906 1175 taboque
922 1091 1049 1157 fluentes
1081 1119 1086 1132 ·

312 1193 486 1279 Complexo
502 1195 532 1257 in
547 1193 660 1256 misero
675 1191 765 1276 longd
780 1193 824 1256 sic
840 1207 938 1258 morte
950 1197 1095 1260 necabat.

311 1298 353 1361 At
366 1296 440 1360 fessi
454 1294 580 1358 tandem
595 1295 680 1359 cives
694 1293 823 1358 infanda
837 1297 991 1361 furentem

310 1398 432 1463 Armati
444 1397 671 1462 circumsistunt
686 1399 847 1483 ipsumque
862 1398 1067 1484 domumque:
1284 1403 1346 1463 490

312 1501 507 1566 Obtruncant
522 1503 641 1580 socios3
663 1504 766 1586 ignem
776 1500 817 1565 ad
831 1502 953 1588 fastigia
965 1503 1096 1589 jactant.

313 1603 368 1668 lile
382 1605 461 1668 inter
475 1602 595 1667 coedem
614 1603 799 1668 Rutulorum
814 1604 938 1690 elapsus
953 1606 983 1669 in
999 1627 1091 1691 agros

312 1707 498 1794 Confugere,
513 1721 543 1771 et
557 1706 656 1770 Turni
671 1706 835 1771 defendier
850 1708 980 1793 hospitis
995 1708 1100 1772 armis.

313 1808 397 1896 Ergo
410 1810 509 1873 omnis
524 1809 613 1874 furiis
627 1811 762 1873 surrexit
777 1811 903 1875 Etruria
913 1813 1022 1898 justis3

314 1911 432 1998 Regem
446 1911 486 1976 ad
501 1911 687 1997 supplicium
701 1917 848 1998 praesenti
864 1913 967 1978 Marte
981 1927 1158 1999 reposcunt.
1285 1918 1345 1976 495

314 2015 374 2079 His
389 2037 448 2100 ego
463 2027 503 2093 te,
517 2012 629 2094 AEnea,
644 2014 805 2082 ductorem
820 2015 954 2082 millibus
969 2016 1095 2082 addam.

313 2118 393 2182 Toto
407 2137 544 2200 namque
557 2118 690 2182 fremunt
704 2118 869 2183 condensae
881 2119 984 2184 littore
997 2141 1126 2204 puppes,

312 2221 468 2308 Signaque
483 2220 564 2285 ferre
576 2221 707 2307 jubent:
730 2222 839 2286 retinet
855 2222 1011 2308 longaevus
1026 2222 1194 2308 haruspex,

314 2323 392 2387 Pata
405 2343 537 2386 canens:
560 2322 747 2386 OMaeoniae
762 2323 885 2386 delecta
895 2325 1051 2409 juventus,

315 2425 387 2490 Flos
401 2438 540 2488 veterum
556 2428 715 2508 virtusque
730 2424 842 2504 vnum,
858 2445 934 2509 quos
945 2427 1045 2512 justus
1061 2425 1090 2490 in
1106 2426 1225 2492 hostem
1286 2435 1347 2492 ⁵00

315 2529 389 2594 Fert
404 2527 503 2605 dolor,
518 2539 549 2589 et
563 2525 674 2589 11111111
691 2526 834 2590 accendit
850 2527 1022 2592 Mezentius
1037 2527 1093 2608 1131,

314 2629 398 2696 Nulli
414 2630 461 2694 fas
477 2627 555 2692 ltalo
569 2640 686 2692 tantam
701 2629 889 2714 subjungere
900 2643 1040 2716 gentem3

314 2733 469 2798 Externos
483 2743 588 2816 optate
602 2729 710 2795 duces.
753 2730 835 2794 Tum
851 2731 982 2796 Etrusca
997 2732 1113 2798 resedit

313 2838 389 2907 Hoc
404 2838 489 2903 acies
502 2855 625 2919 campo,
639 2834 760 2898 monitis
775 2837 925 2899 exterrita
940 2834 1058 2901 diutim.

295 2947 301 2959 “
314 2939 387 3026 lpse
404 2950 543 3002 oratores
557 2935 598 2999 ad
613 2957 662 2999 me
676 2939 827 3020 regnique
841 2957 989 3000 coronam
1287 2945 1348 3004 505

316 3041 398 3104 Cum
412 3052 537 3123 sceptro
550 3037 641 3116 misit,
655 3035 845 3122 mandatque
860 3037 998 3124 insignia,
1013 3039 1148 3122 Tarcho,

317 3141 491 3207 Succedam
506 3140 626 3218 castris,
641 3137 872 3226 Tyrrhenaque
885 3161 981 3228 regna
995 3164 1168 3228 capessam.

316 3247 381 3312 Sed
395 3245 471 3310 mihi
486 3243 577 3308 tarda
592 3243 663 3330 g'elu
678 3235 840 3327 saeclisque
855 3241 958 3308 elfoeta
973 3259 1116 3311 senectus

315 3349 439 3414 invidet
452 3347 626 3432 imperium,
640 3365 782 3430 seraeque
797 3344 836 3410 ad
852 3346 943 3410 fortia
958 3347 1051 3411 vires.

314 3453 431 3518 Natum
446 3449 639 3526 exhortarer,
653 3451 685 3510 ni
700 3449 812 3512 mixtus
826 3461 925 3512 matre
941 3448 1066 3515 Sabellli
1288 3455 1349 3513 510

314 3555 404 3620 Hinc
418 3567 538 3640 partem
553 3553 663 3638 patriae
678 3551 828 3616 traheret.
872 3554 933 3632 To,
948 3555 1036 3639 cujus
1050 3564 1081 3616 et
1095 3551 1182 3617 annis

317 3657 359 3724 Et
371 3656 477 3744 generi
491 3657 555 3720 fata
571 3653 738 3742 indulgent,
753 3676 844 3740 quem
859 3656 984 3720 numina
998 3667 1138 3740 poscunt,

316 3759 496 3848 ingredere,
510 3781 530 3822 o
544 3759 703 3823 Teuertim
719 3773 812 3844 atque
828 3759 938 3824 ltaldm
954 3759 1118 3823 fortissime
1133 3757 1266 3822 ductorae

316 3867 413 3930 Hunc
429 3864 486 3927 tibi
500 3875 663 3948 preterea,
678 3883 749 3948 spes
764 3876 794 3927 et
809 3862 920 3926 solatia
934 3851 1040 3939 nostri,

317 3965 461 4032 Pallanta
476 3964 653 4052 adjungam.
699 3965 764 4032 Sub
778 3977 808 4029 te
823 3963 958 4027 tolerare
973 3963 1118 4049 magistro
1288 3963 1351 4032 51⁵

317 4067 465 4134 Militiam
481 4079 511 4131 et
525 4087 622 4152 grave
636 4068 748 4132 Martis
763 4087 850 4152 opus,
865 4077 916 4130 tua
931 4087 1060 4130 cernere
1075 4068 1168 4151 facta,

316 4175 496 4250 Assuescat,
511 4173 619 4254 primis
634 4183 665 4233 et
679 4185 710 4235 te
725 4171 853 4236 miretur
868 4169 909 4234 ab
924 4169 1022 4235 annis.

633 4274 674 4336 36
