2936 5122
623 555 740 616 umen
760 557 809 615 xr.
906 636 912 646 ,

267 706 374 772 Prima
388 707 475 792 fugit,
488 703 616 771 domina
629 706 752 787 amissa,
767 705 845 772 levis
861 705 912 771 ala
926 705 1085 788 Camille3

225 809 360 876 'ttnbati
374 809 491 896 fugiunt
507 807 632 888 Rutuli3
653 810 729 895 fugit
742 830 817 874 acer
831 810 958 890 Atinas,

222 912 421 999 Disjectique
435 908 532 976 duces
545 911 739 997 desolatique
753 910 882 997 manipli
1199 915 1262 974 870

223 1015 308 1080 Tuta
322 1027 440 1100 petunt,
454 1025 486 1077 et
499 1013 586 1098 equis
602 1015 704 1078 aversi
717 1010 759 1078 ad
774 1012 888 1076 moenia
902 1010 1041 1076 tendunt.

226 1117 294 1182 Nec
309 1120 475 1202 quisquam
488 1119 638 1180 instantes
651 1116 793 1180 Teucros
806 1115 964 1199 letumque
978 1115 1113 1180 ferentes

226 1223 408 1288 Sustentare
422 1219 508 1285 valet
521 1218 600 1298 telis,
615 1232 668 1283 aut
682 1223 791 1284 sistere
805 1217 934 1298 contra3

225 1324 288 1390 Sed
303 1324 392 1389 laxos
406 1324 544 1388 referunt
558 1321 693 1388 humeris
707 1320 924 1407 languentibus
938 1341 1049 1403 arcus3

222 1423 532 1511 Quadnrpedumque
542 1435 663 1510 putrem
673 1443 767 1487 cursu
778 1422 876 1508 quatit
885 1422 999 1508 ungula
1009 1443 1164 1510 campum.
1198 1429 1261 1488 875

223 1528 372 1595 Volvitur
387 1526 428 1592 ad
443 1549 546 1593 muros
560 1524 694 1611 caligine
708 1523 850 1590 turbidus
865 1525 935 1590 atra

225 1631 350 1712 Pulvis3
363 1637 402 1694 'et
416 1651 433 1694 e
448 1627 586 1716 speculis
599 1649 755 1713 percusse
769 1641 899 1712 pectora
912 1639 1027 1692 matres

225 1734 418 1800 Foemineum
432 1733 601 1798 clamorem
616 1729 657 1795 ad
672 1729 745 1794 coeli
760 1729 862 1794 sidera
876 1729 996 1796 tollunt.

223 1837 286 1920 Qui
299 1858 392 1902 cursu
406 1848 513 1922 portas
526 1833 620 1919 primi
633 1831 776 1918 irrupere
790 1841 941 1916 patentes,

197 1939 297 2002 .Hos
311 1938 436 2024 inimica
451 1957 545 2022 super
557 1935 654 2000 mixto
667 1934 780 2020 premit
794 1935 915 2019 agmine
930 1931 1043 1998 turba:
1197 1940 1259 2000 880

223 2043 292 2108 Nec
307 2047 453 2108 miseram
467 2039 615 2128 effingiunt
628 2053 779 2119 mortem3
799 2038 856 2103 sed
871 2038 975 2104 limine
990 2039 1021 2104 in
1036 2041 1113 2126 ipso,

223 2148 382 2213 Moenbus
397 2147 427 2212 in
441 2148 563 2232 patriis,
576 2157 669 2230 atque
683 2147 764 2208 inter
777 2156 842 2208 tuta
856 2142 1039 2230 domorum,

225 2251 351 2315 Confixi
364 2253 525 2336 exspirant
540 2249 669 2314 animas.
714 2248 790 2312 Pars
804 2246 952 2312 claudere
965 2259 1089 2334 portas3

225 2355 293 2420 Nec
307 2356 400 2420 sociis
413 2355 537 2440 aperire
550 2357 644 2436 viam,
657 2373 715 2417 nec
731 2353 883 2417 moenibus
897 2351 1012 2416 audent

225 2459 380 2542 Accipere
394 2471 538 2537 orantes;
559 2457 718 2541 oriturque
733 2456 905 2520 miserrima
920 2454 1024 2520 cardea
1196 2463 1257 2524 885

225 2560 456 2626 Defendentilm
468 2560 561 2626 armis
575 2558 688 2638 aditus,
702 2561 797 2643 inque
812 2579 899 2623 arma
913 2559 1066 2624 ruentum.

226 2663 365 2744 Exclusi,
379 2674 450 2728 ante
465 2661 571 2726 oculos
586 2660 876 2746 lacrymanttimque
890 2681 947 2725 ora
961 2663 1135 2746 parentium,

226 2767 304 2832 Pars
318 2767 351 2830 in
365 2767 545 2851 precipites
559 2765 667 2844 fossas,
681 2775 809 2848 urgente
823 2761 923 2842 ruina,

225 2861 393 2946 Volvitur;
414 2865 558 2930 immissis
571 2885 647 2950 pars
660 2883 748 2928 casca
762 2876 794 2928 et
807 2864 931 2929 concita
946 2864 1051 2932 frenis

226 2970 349 3034 Arietat
363 2971 395 3034 in
409 2981 515 3054 portas
529 2981 561 3032 et
574 2967 669 3034 duros
682 2967 786 3055 objice
799 2979 916 3053 postes·
1193 2979 1256 3041 800

225 3071 304 3158 lpse
318 3069 359 3136 de
373 3074 469 3136 muris
483 3091 601 3136 summo
614 3073 786 3135 certamine
799 3082 915 3154 mab-es

225 3173 400 3256 (Monstrat
412 3193 501 3238 amor
513 3193 606 3238 verus
619 3171 751 3257 patria)
766 3187 800 3238 ut
813 3172 922 3239 viddre
937 3173 1113 3258 Camillam,

224 3273 305 3342 Tela
319 3295 413 3342 manu
427 3274 556 3362 trepide
566 3275 696 3362 jaciunt,
711 3295 749 3340 ac
763 3276 878 3344 robore
892 3274 972 3342 duro

225 3379 387 3468 Stipitibus
400 3377 516 3444 ferrum
530 3372 721 3463 sudibusque
736 3379 894 3446 imitantur
906 3380 1026 3448 obustis

227 3482 416 3570 Pracipites,
430 3485 602 3568 primaeque
615 3481 694 3546 mori
707 3503 766 3567 pro
781 3482 934 3548 moenibus
950 3484 1071 3550 ardent.
1191 3493 1252 3556 805

265 3586 390 3652 Interea
403 3585 543 3650 Turnum
558 3587 589 3648 in
604 3581 688 3648 silvis
702 3584 887 3650 sevissimus
900 3585 1007 3670 implet

225 3689 367 3768 Nuntius,
382 3701 412 3753 et
421 3687 529 3776 juveni
543 3686 696 3772 ingentem
710 3686 771 3751 sert
784 3689 874 3752 Acca
888 3687 1069 3754 tumultumr

224 3791 354 3858 Deletae
369 3787 557 3856 Volscorum
571 3789 665 3870 acies,
678 3787 830 3854 cecidisse
845 3789 1023 3874 Camillam,

227 3895 373 3982 ingruere
388 3894 523 3960 infensos
538 3892 652 3974 hostes,
665 3905 697 3956 et
711 3893 814 3958 Marte
828 3890 966 3958 mundo

224 3997 338 4064 Omnia
351 3997 538 4084 corripuisse
552 4022 561 4078 ;
582 4007 697 4062 metum
706 3996 774 4083 jam
788 3993 830 4058 ad
844 3997 960 4060 moenia
974 3995 1060 4063 ferri.
1189 4009 1251 4072 900

225 4097 279 4164 lile
293 4101 399 4166 tureos
412 4098 462 4182 (et
475 4119 560 4164 saeva
573 4097 661 4162 Jovis
674 4097 719 4162 sic
733 4099 861 4162 numina
878 4100 1026 4184 poscunt)

224 4199 348 4269 Deserit
361 4201 506 4268 obsessos
519 4199 626 4280 colles,
639 4219 768 4266 nemora
781 4219 893 4285 aspera
906 4197 1028 4286 liuqtrit.
