2914 5130
203 529 262 600 256
652 535 840 598 muamus

247 695 333 762 lnter
343 689 511 762 odoratum
526 695 605 762 lauri
620 717 739 776 nemus,
753 695 836 762 unde
855 697 989 782 superne

249 799 405 865 Plurimus
418 797 552 866 Eridani
565 820 623 884 per
637 797 748 866 silvam
764 799 897 865 volvitur
912 801 1023 894 ampis.

249 903 318 970 Hic
332 923 451 984 manus,
465 903 507 968 ob
521 904 656 988 patriam
670 899 837 988 pugnando
852 900 982 966 vulnera
997 903 1095 988 passi,
1225 903 1291 966 666

249 1005 374 1092 Quique
389 1005 569 1072 sacerdotes
584 1007 664 1070 casti
677 1002 752 1070 dum
765 1008 830 1070 vita
845 1005 1003 1086 manebat,

174 1173 179 1184 ,
249 1109 375 1194 Quique
390 1108 434 1194 pii
449 1121 536 1176 vates
551 1121 582 1172 et
598 1106 718 1175 Phoebo
733 1105 827 1193 digna
843 1105 950 1190 locuti,

250 1211 396 1276 inventas
411 1222 464 1279 aut
477 1212 534 1295 qui
547 1213 642 1276 vitam
658 1207 826 1274 excoluere
840 1230 899 1294 per
912 1223 1007 1290 artes,

247 1314 373 1398 Quique
388 1315 435 1376 sui
450 1321 603 1381 memores
617 1309 696 1378 alios
710 1309 817 1376 iecere
831 1312 1000 1378 metendos

238 1415 404 1499 ,Omnbus
419 1415 468 1480 his
483 1413 576 1482 nivea
590 1418 754 1500 cinguntur
769 1427 908 1501 tempora
923 1413 1011 1480 vitti-
1226 1419 1288 1478 666

249 1519 336 1602 Quos
351 1518 555 1584 circumfusos
569 1521 616 1584 sic
630 1531 678 1582 est
692 1517 786 1592 allata
798 1518 938 1603 Sibylla3
1143 1591 1149 1602 ,

247 1621 400 1686 Musaeum
414 1635 487 1688 ante
500 1643 619 1703 omnes,
632 1621 768 1686 medium
782 1643 855 1688 nam
869 1621 1003 1708 plurima
1018 1620 1111 1688 turba

247 1725 344 1790 Hunc
359 1725 465 1806 hahet,
480 1739 573 1810 atquc
589 1725 726 1790 humeris
741 1739 915 1800 exstantem
924 1728 1057 1812 suspicit
1071 1723 1159 1790 atris:

246 1827 365 1910 Dicite,
379 1827 486 1894 felices
501 1829 622 1909 animm,
636 1841 741 1914 tuque,
751 1831 869 1914 optime
884 1842 990 1909 vates3

247 1933 327 2014 Qum
341 1935 429 2019 regio
444 1931 612 2012 Anchisen,
627 1934 696 2016 quis
711 1929 808 1996 habet
821 1931 930 1996 locus?
951 1931 1035 1996 illius
1050 1954 1125 2019 ergo
1225 1935 1288 1996 676

210 2021 212 2030 ⁴
247 2033 412 2114 Venimus,
427 2049 459 2098 et
471 2055 598 2120 magnos
613 2033 712 2098 Erebi
727 2037 920 2098 tranavimus
935 2055 1054 2100 amnes.

249 2140 353 2224 Atque
368 2137 441 2201 huic
456 2158 638 2223 responsum
653 2135 761 2222 paucis
776 2136 820 2200 ita
833 2135 974 2202 reddidit
989 2136 1101 2204 heros:

251 2241 337 2308 Nulli
352 2255 439 2307 certa
453 2239 584 2322 domus3
605 2241 684 2307 lucie
699 2241 877 2308 habitamus
891 2247 1011 2330 opacis,

249 2345 467 2434 Riparumque
483 2359 566 2412 toros
581 2360 612 2413 et
626 2359 718 2432 prata
732 2351 872 2412 recentia
885 2350 964 2414 rivis

249 2449 432 2518 lncolimus:
455 2449 512 2514 sed
526 2471 592 2529 vos,
606 2451 632 2512 si
648 2449 708 2514 lert
722 2451 766 2514 ita
781 2447 878 2515 corde
892 2449 1045 2531 voluntas,
1226 2457 1290 2516 666

250 2554 326 2619 Hoc
341 2566 485 2640 superate
496 2553 624 2640 jugum,
646 2563 677 2616 et
691 2550 779 2616 sacili
790 2552 857 2638 jam
872 2555 995 2616 tramite
1010 2554 1129 2618 sistam.

251 2655 352 2735 Dixit,
367 2669 398 2720 et
413 2656 484 2722 ante
500 2653 568 2720 tulit
582 2673 732 2740 gressum,
745 2675 936 2740 camposque
951 2657 1084 2722 nitentes

253 2761 400 2848 Desuper
413 2773 566 2827 ostentate
588 2758 703 2826 dehinc
719 2781 839 2826 summa
853 2763 1017 2826 cacumina
1032 2760 1185 2848 linquunt.

253 2922 258 2929 .
294 2866 336 2928 At
350 2875 441 2949 pater
455 2862 608 2930 Anchises
621 2861 744 2949 penitirs
759 2860 903 2928 convalle
917 2863 1031 2928 virenti

253 2965 392 3034 inclusas
406 2968 535 3049 animas,
551 2989 759 3056 superumque
774 2965 816 3032 ad
831 2966 934 3034 lumen
949 2969 1056 3048 ituras,
1227 2973 1290 3032 666

252 3073 423 3138 Lustrabat
437 3071 540 3138 studio
554 3071 714 3154 recolens,
735 3093 920 3158 omnemque
934 3091 1060 3138 suorum

253 3174 348 3240 Forte
363 3175 550 3243 recensebat
564 3195 736 3258 numerum,
749 3196 903 3261 carosque
917 3188 1056 3261 nepotes,

253 3277 405 3364 Fataque,
419 3279 619 3366 fortunasque
633 3273 933 3367 vinim,‚moresque,
948 3301 1131 3365 manusque·

252 3383 345 3468 lsque
360 3382 414 3448 ubi
429 3381 606 3448 tendentem
620 3381 788 3449 adversum
801 3405 858 3469 per
872 3383 1014 3470 gramina
1027 3381 1107 3446 vidit

252 3483 382 3564 AEnean‚
398 3483 512 3550 alacris
524 3483 646 3570 palmas
659 3499 807 3572 abasque
823 3483 971 3566 tetendit3
1227 3492 1290 3551 666

253 3585 430 3672 Eliusaeqne
443 3591 532 3674 genis
546 3587 718 3676 lacrymoe3
740 3602 770 3654 et
784 3611 846 3654 vox
862 3589 981 3656 excidit
993 3611 1067 3656 ore:

253 3689 380 3756 Venisti
394 3691 530 3772 tandem,
544 3688 659 3778 tuaque
674 3705 815 3778 spectata
829 3693 952 3778 parenti

255 3795 346 3862 Vicit
359 3799 419 3862 iter
433 3795 544 3864 durum
558 3799 676 3883 pietas!
699 3795 791 3861 datur
804 3817 860 3862 ora
875 3802 966 3880 tueri,

255 3895 349 3977 Nate,
363 3911 426 3978 tua,
439 3913 471 3964 et
485 3913 574 3966 notas
589 3897 698 3964 audire
714 3912 745 3964 et
758 3897 892 3964 reddere
907 3905 1017 3966 voces!

258 4001 310 4066 Sic
327 4000 471 4087 equidem
485 4001 641 4068 ducebam
656 4007 760 4069 animo
773 4003 931 4088 rebarque
944 4005 1090 4089 laturum,

255 4103 415 4189 Tempora
428 4103 646 4186 dinumerans3
667 4127 727 4171 nec
742 4127 791 4170 me
805 4127 876 4172 mea
890 4127 967 4172 cura
981 4108 1102 4174 fefellit.

257 4205 344 4289 Quas
359 4227 417 4294 ego
430 4219 463 4274 te
476 4219 577 4276 terras
590 4221 623 4274 et
636 4222 752 4295 quanta
764 4231 824 4299 per
836 4231 965 4300 aequora
978 4225 1101 4280 vectum
