2936 5122
640 487 755 552 um
772 491 839 552 ΧΗ.
1015 497 1028 516 ’
1144 511 1156 556 t
1236 501 1295 559 393

257 639 322 706 Sed
337 661 439 726 neque
453 655 629 708 canentem
643 665 688 723 se,
701 665 762 710 nec
775 649 934 733 cognoscit
946 659 1081 740 euntem,
1163 629 1165 636 ¹

258 744 474 810 Tollentemve
488 766 591 825 manu,
606 767 777 831 saxumque
793 752 928 814 immane
943 764 1131 816 moventem.

253 849 368 912 Genua
383 848 510 928 labant3
531 849 653 936 gelidus
667 853 826 918 concrevit
840 853 956 939 frigore
970 859 1106 941 sanguis.

259 950 340 1014 Tum
355 951 436 1037 lapis
450 955 519 1038 ipse
533 953 603 1032 viri,
618 974 751 1018 vacuum
770 955 933 1040 perinane
948 954 1079 1036 volutus,

259 1041 327 1117 Nec
342 1053 474 1138 spatium
489 1055 587 1118 evasit
602 1066 707 1134 totum,
721 1075 780 1122 nec
795 1055 922 1141 pertulit
936 1059 1043 1124 ictum.

259 1157 307 1219 Ac
321 1153 452 1238 velutin
465 1159 590 1237 somnis,
604 1157 711 1222 oculos
726 1158 782 1222 ubi
796 1157 943 1244 languida
957 1163 1071 1244 pressit

258 1256 363 1322 Nocte
373 1260 470 1344 quies,
485 1259 696 1346 nequidquam
711 1260 820 1326 avidos
836 1259 1006 1326 extendere
1021 1283 1130 1326 cursus

259 1358 352 1424 Velle
367 1359 519 1442 videmur,
533 1375 564 1426 et
578 1366 610 1426 in
625 1361 737 1428 mediis
751 1363 913 1430 conatibus
928 1367 1004 1449 aegri

258 1461 471 1543 Succidimus;
491 1487 553 1530 non
569 1465 673 1552 lingua
686 1465 781 1550 ualet,
794 1488 856 1532 non
870 1487 1004 1552 corpore
1018 1479 1099 1532 notse

257 1565 415 1631 Sufficiunt
429 1569 533 1648 vires;
554 1590 613 1634 nec
628 1589 689 1632 vox
705 1582 758 1634 aut
772 1569 870 1634 verba
885 1581 1075 1653 sequuntur:

257 1669 310 1732 Sic
324 1669 651 1762 Turnopquticumque
667 1675 750 1738 viam
765 1674 880 1736 virtute
892 1673 1012 1758 petivit,

257 1772 441 1840 Successum
454 1774 516 1843 dea
530 1774 599 1842 dita
615 1789 718 1862 negat.
762 1775 843 1842 Tum
857 1787 984 1861 pectore
999 1795 1108 1840 sensus

256 1872 428 1940 Vertuntur
442 1881 532 1942 varii.
577 1877 709 1944 Rutulos
726 1877 888 1964 adspectat
903 1893 934 1942 et
948 1879 1069 1957 urbem,

255 1977 489 2064 cunctaturque
503 1994 596 2062 metu,
610 1980 767 2074 telumque
782 1985 900 2046 instare
911 1981 1077 2070 tremiscit3

255 2079 323 2146 Nec
339 2082 401 2169 qud
415 2106 449 2150 se
465 2086 586 2170 eripiat,
600 2107 658 2156 nec
674 2084 735 2170 quai
750 2088 782 2150 vi
797 2083 905 2150 tendat
918 2088 951 2148 in
966 2083 1097 2164 hostem,

254 2187 321 2254 Nec
337 2207 446 2256 currus
462 2214 591 2278 usquam
607 2191 702 2272 videt,
717 2195 899 2277 aurigamve
914 2213 1065 2256 sororem.

297 2294 465 2364 Cunctanti
478 2295 574 2364 telum
591 2297 704 2362 AEneas
718 2296 813 2362 fatale
827 2308 981 2376 coruscat,

255 2396 384 2462 Sortitus
398 2399 552 2466 fortunam
566 2399 675 2479 oculis,
690 2410 721 2464 et
735 2419 868 2484 corpore
883 2410 948 2462 toto

254 2497 382 2564 Eminus
397 2502 564 2585 intorquet.
608 2500 724 2568 Murali
736 2501 862 2569 concita
876 2519 1034 2584 nunquam

252 2601 423 2667 Tormento
437 2604 482 2667 sic
497 2625 575 2670 saxa
591 2603 734 2684 tremunt,
748 2625 806 2668 nec
821 2602 949 2668 fulmine
966 2603 1042 2667 tanti

252 2701 426 2770 Dissultant
440 2707 588 2790 crepitus.
632 2704 729 2770 Volat
744 2709 804 2772 atri
819 2706 952 2770 turbinis
966 2705 1062 2770 instar

252 2805 390 2872 Exitium
405 2805 508 2872 dirum
523 2808 614 2872 hasta
628 2807 756 2888 serens3
776 2829 911 2894 orasque
925 2807 1060 2874 recludit

220 2959 223 2964 .
246 2909 384 2990 vLoricae²
397 2923 429 2974 et
443 2909 549 2996 clypei
565 2925 720 2976 extremos
735 2910 945 2996 septemplicis
959 2912 1072 2976 orbes:

252 3011 313 3076 Per
326 3010 608 3084 mediumstridens
623 3014 733 3078 transit
746 3013 856 3078 lemur.
901 3011 1012 3080 Incidit
1027 3015 1105 3076 ictus

250 3114 360 3200 Ingens
375 3113 416 3178 ad
431 3127 547 3178 terram
561 3113 722 3200 duplicato
735 3113 852 3200 poplite
868 3114 1003 3180 Turnus.

246 3213 444 3302 Consurgunt
457 3217 573 3302 gemitu
589 3216 707 3296 Rutuli,
722 3229 864 3302 totusque
878 3219 1014 3304 remugit

249 3316 482 3400 dionenheim,
498 3331 529 3383 et
542 3339 653 3384 vocem
668 3320 730 3386 lata
745 3341 873 3386 nemora
888 3319 952 3384 alta
965 3317 1134 3384 remittunt.

133 3411 142 3422 ⁸
246 3419 313 3500 Ille,
327 3420 450 3508 humilis
461 3421 666 3508 supplexque,
675 3423 781 3488 oculos
792 3422 998 3508 dextramque
1009 3431 1189 3506 precantem
1216 3423 1277 3482 930

249 3523 459 3590 Protendens:
482 3524 637 3610 Equidem
652 3525 759 3606 merui,
772 3548 831 3590 nec
846 3525 1010 3612 deprecor,
1025 3522 1142 3606 inquit:

248 3621 345 3689 Utere
360 3637 442 3690 sorte
458 3625 520 3690 tud.
564 3626 674 3690 Miseri
689 3639 718 3692 te
733 3628 760 3691 si
775 3647 837 3710 qua
852 3629 991 3713 parentis

247 3727 392 3815 Tangere
406 3750 483 3794 cura
497 3742 607 3815 potest,
621 3751 677 3794 oro
691 3729 767 3810 (luit
782 3742 814 3795 et
828 3729 885 3794 tibi
902 3727 971 3792 talis

247 3831 400 3896 Anchises
415 3831 569 3918 genitor),
584 3831 690 3896 Dauni
704 3833 853 3898 miserere
868 3843 1023 3912 senectae3

247 3931 288 3996 Et
302 3956 360 4013 me,
375 3955 429 3998 seu
444 3955 557 4020 corpus
571 3934 735 4020 spoliatum
750 3933 866 3998 lumine
881 3936 991 4014 mavis,
1215 3941 1275 4000 935

247 4034 359 4101 Redde
375 4032 461 4102 meis.
505 4037 629 4119 vicisti,
644 4051 674 4101 et
689 4041 804 4102 victum
819 4033 948 4100 tendere
963 4035 1084 4124 palmas

245 4139 373 4209 Ausonii
390 4138 516 4204 videre:
538 4153 591 4206 tua
606 4153 652 4204 est
667 4139 800 4206 Lavinia
815 4139 940 4234 conjux,

468 4248 510 4306 50
