2914 5130
648 491 833 558 nonnus.
1220 501 1278 578 22,

233 651 433 722 Vestibulum
447 663 519 718 ante
534 655 646 738 ipsum,
658 653 828 738 primisque
843 651 874 716 in
888 649 1030 716 faucibus
1045 649 1131 734 Orci,

231 762 350 826 Luctus
364 772 395 825 et
410 758 539 825 ultrices
552 757 686 845 posuere
700 758 818 822 cubilia
834 758 946 840 Cura3

230 865 449 951 Pallentesque
465 863 610 930 habitant
624 859 740 943 Morbi,
755 864 912 947 tristisque
928 863 1088 941 Senectus,
1207 865 1268 924 27⁵

231 969 275 1033 Et
289 969 400 1047 Metus,
415 980 447 1032 et
461 963 642 1032 malesuada
658 965 781 1046 Fames,
795 986 834 1029 ac
849 969 947 1052 turpis
962 965 1104 1052 Egestas,

231 1071 407 1138 Terribiles
421 1071 490 1136 visu
505 1071 633 1148 [σκιῆς
655 1068 840 1153 Letumque,
854 1069 1044 1154 Labosque3

230 1173 315 1238 Tum
329 1194 405 1238 cons
487 1175 496 1190 ⁴
521 1191 576 1236 eus
592 1170 663 1234 Leti
679 1172 790 1254 Sopor,
805 1183 836 1234 et
850 1167 933 1234 mala
947 1173 1059 1235 mentis

231 1275 368 1354 Gaudia,
382 1189 638 1358 mffimque
653 1271 787 1338 adverso
801 1273 832 1338 in
848 1271 953 1338 limine
968 1273 1100 1354 Bellum,

230 1377 406 1464 Ferreique
421 1377 629 1444 Eumenidum
644 1376 784 1458 thalami,
799 1389 830 1441 et
845 1375 1012 1442 Discordia
1026 1376 1164 1460 demens,
1208 1383 1270 1442 280

231 1482 407 1569 Vipereum
423 1485 543 1546 crinem
552 1464 643 1546 ⁸vittis
657 1483 773 1546 innexa
787 1484 936 1546 cruentis.

275 1584 312 1648 ln
326 1583 430 1650 medio
445 1605 548 1650 ramos
563 1604 743 1668 annosaque
758 1584 892 1648 brachia
902 1577 1016 1671 'pandit

232 1687 346 1754 Ulmus
360 1709 472 1774 opaca,
487 1690 605 1774 ingens,
620 1707 715 1773 quam
730 1685 837 1752 sedem
853 1689 980 1754 Somnia
994 1687 1087 1776 vulgis

230 1791 328 1858 Vana
342 1805 450 1855 tenere
464 1791 577 1871 lerunt,
592 1791 735 1876 foliisque
750 1789 808 1855 sub
823 1791 966 1856 omnibus
981 1791 1111 1856 haerent.

229 1889 394 1978 Multaque
408 1907 564 1980 praeterea
577 1897 737 1958 variarum
751 1907 888 1960 monstra
902 1895 1048 1974 serarum,
1089 1949 1093 1960 .
1206 1897 1269 1957 005

230 1995 385 2061 Centauri
400 1996 430 2060 in
445 1995 564 2060 loribus
578 1995 746 2076 stabulant,
762 1993 940 2082 Scyllaque
956 1995 1115 2076 biformes,

229 2099 274 2165 Et
286 2103 552 2186 centumgeminus
566 2099 726 2180 Briareus,
740 2119 778 2164 ac
793 2098 898 2164 bellua
914 2099 1025 2168 Lernoe

230 2201 437 2270 Horrendirm
451 2202 597 2283 stridens,
612 2201 806 2294 flammisque
822 2215 943 2267 armata
957 2201 1128 2282 Chimaera,

228 2307 403 2396 Gorgones,
418 2308 649 2394 Harpyiaeque,
664 2321 695 2372 et
709 2307 809 2372 forma
824 2308 1007 2392 tricorporis
1021 2305 1153 2370 umbrae.

227 2411 374 2498 Corripit
387 2411 441 2476 hic
456 2410 558 2476 subita
572 2411 713 2496 trepidus
728 2409 895 2476 formidine
910 2409 1027 2476 serrum
1207 2415 1270 2472 090

230 2511 358 2594 AEneas,
372 2517 573 2598 strictamque
589 2516 690 2578 aciem
704 2514 901 2578 venientibus
911 2511 1020 2580 offert:

230 2615 284 2694 Et,
298 2619 330 2680 ni
345 2613 438 2680 docta
452 2636 558 2681 comes
573 2627 680 2680 tenues
694 2617 761 2680 sine
776 2613 909 2700 corpoie
924 2618 1004 2680 vitas

228 2715 409 2783 Admoneat
421 2717 554 2782 volitare
567 2717 646 2783 cava
661 2719 718 2782 suh
733 2721 867 2805 imagine
883 2720 1000 2800 lormae,

230 2818 335 2884 lrruat
350 2833 381 2884 et
394 2820 509 2884 lnrsua
523 2819 608 2884 ferro
621 2819 804 2884 diverberet
818 2819 957 2884 umbras.

274 2921 363 2986 Hinc
378 2922 429 2986 via
442 2921 589 2988 Tartarei
605 2943 674 3008 quae
689 2922 749 2985 lert
763 2921 951 2988 Acherontis
966 2921 1007 2988 ad
1022 2922 1140 2990 undas:
1207 2928 1267 2986 29⁵

228 3022 392 3087 Turbidus
406 3023 459 3088 hic
473 3043 565 3088 coeno
579 3022 729 3109 vastisque
743 3024 892 3111 voragine
905 3047 1018 3114 gurges

230 3125 364 3207 AEhtuat,
378 3143 472 3212 atque
487 3149 610 3192 omnem
625 3125 751 3214 Cocyto
766 3139 887 3192 eructat
901 3149 1041 3196 menam.

229 3229 367 3294 Portitor
381 3227 438 3294 has
453 3227 626 3294 horrendus
641 3249 740 3314 aquas
755 3245 786 3294 et
800 3229 926 3296 flumina
940 3239 1045 3297 servat

227 3329 384 3414 Terribili
396 3329 543 3416 squalore
558 3331 698 3412 Charon,
712 3335 764 3398 cui
778 3330 913 3418 plurima
926 3347 1031 3398 mento

227 3434 373 3500 Canities
386 3434 503 3499 inculta
512 3436 619 3522 jacet3
642 3447 724 3500 stant
738 3433 853 3500 lumina
869 3435 1012 3514 dammim
1206 3440 1270 3498 300

229 3537 385 3606 Sordidus
399 3559 440 3603 ex
454 3539 593 3604 humeris
607 3537 690 3604 nodo
704 3537 862 3625 dependet
876 3543 1018 3604 amictus.

227 3643 302 3728 lpse
317 3654 415 3706 ratem
436 3655 528 3706 conto
543 3641 666 3728 subigit,
681 3641 821 3728 uelisque
835 3645 999 3720 ministrat,

226 3745 272 3810 Et
287 3743 464 3830 ferruginei
477 3745 641 3810 subvectat
654 3767 789 3832 corpora
802 3744 939 3833 cymhti;

225 3849 303 3914 Jam
318 3848 430 3928 senior,
444 3845 501 3912 sed
516 3847 614 3912 cruda
629 3848 691 3912 deo
705 3847 877 3933 viridisque
892 3859 1045 3914 senectus.

223 3950 306 4018 Huc
321 3952 421 4014 omnis
434 3950 526 4016 turba
540 3949 581 4016 ad
597 3952 683 4036 ripas
698 3947 795 4014 effusa
809 3949 941 4014 ruebat:
1206 3961 1266 4022 305

222 4055 359 4135 naues,
374 4067 467 4141 atque
481 4056 552 4136 viri,
565 4055 776 4142 defunctaque
790 4076 925 4142 corpora
939 4057 1003 4123 v'iti

218 4158 462 4244 Magnanimum
477 4158 619 4248 heroum,
631 4161 731 4246 pueri,
746 4163 945 4258 innuptaque
960 4161 1082 4248 puelle,

541 4371 584 4432 29
