2846 5102
584 415 742 500 amerb.

193 595 230 662 Et
244 597 348 682 passim
364 593 436 658 rivis
449 593 604 655 canentia
619 593 688 654 rina
701 591 872 676 represalt3

194 699 234 766 Ut
246 703 338 765 varias
352 719 425 763 usus
441 695 618 760 meditando
633 697 819 760 extunderet
835 709 916 759 artes

195 803 344 882 Paulatim,
360 816 393 866 et
406 803 501 866 sulcis
515 799 657 864 frumenti
674 813 823 885 quereret
837 801 964 866 herbam
977 821 989 880 ς

195 908 234 974 Ut
243 889 326 972 silicis
341 908 425 970 venis
440 906 611 969 abstrusum
628 905 799 970 excuderet
812 906 927 990 ignem.
1154 907 1214 970 135

195 1013 275 1078 'llmc
288 1012 372 1078 alnos
387 1010 517 1098 prlmalm
533 1008 615 1073 fluvii
631 1007 756 1074 sensere
771 1023 918 1092 caveus3

197 1118 295 1182 Navita
308 1133 374 1182 tum
390 1117 481 1180 stellis
495 1135 641 1180 numeros
656 1129 687 1178 et
702 1117 824 1182 nomina
837 1113 923 1195 sealt,

198 1222 342 1298 Pleiadas,
358 1220 497 1303 Hyadas,
512 1220 690 1305 claramque
706 1219 864 1304 Lycaonis
878 1219 1013 1286 Arctum
1144 1215 1147 1224 '

196 1325 270 1392 'l'um
283 1329 399 1414 laqueis
413 1343 538 1411 captare
553 1326 646 1404 seras,
663 1339 694 1389 et
708 1325 814 1392 fallere
830 1327 925 1406 visco,

196 1435 353 1514 hacetum,
370 1448 402 1498 et
417 1453 543 1518 magnos
558 1435 685 1498 canibus
700 1434 893 1499 circumdare
904 1434 1023 1516 saltus3
1155 1440 1218 1506 140

198 1541 289 1625 Atque
302 1541 379 1605 alius
395 1540 489 1604 latum
502 1537 599 1602 fundi
608 1539 673 1625 jana
685 1539 826 1603 verberat
837 1531 976 1618 amnem,

199 1646 261 1710 lllta
271 1660 377 1732 petens
390 1669 401 1726 3
422 1646 596 1730 pelagoque
610 1645 685 1710 alius
700 1642 791 1713 trahit
805 1645 931 1718 humida
947 1647 1030 1713 linea

199 1752 273 1816 Tum
287 1753 357 1817 lerri
371 1753 465 1837 rigor,
481 1766 573 1836 etque
590 1765 701 1836 argute
718 1752 828 1822 lamina
844 1773 957 1832 serre3

200 1855 287 1942 (Nam
300 1859 390 1944 primi
402 1857 511 1922 cuneis
526 1845 705 1930 scindebant
720 1857 812 1922 fissile
827 1858 941 1944 lignum
953 1859 978 1945 a)

196 1964 272 2033 Tum
286 1971 376 2034 variar
392 1967 505 2032 vendre
522 1983 625 2033 artes:
648 1969 733 2032 labor
747 1971 850 2033 omnia
866 1971 939 2034 vicit
1159 1973 1220 2033 145

197 2072 357 2160 Improbus‚
374 2089 406 2137 et
421 2075 504 2137 duris
519 2095 631 2160 urgens
646 2075 676 2137 in
692 2073 785 2137 rebus
800 2089 932 2158 egestas.

236 2177 338 2245 Prima
352 2177 454 2243 Ceres
470 2178 549 2242 ferro
565 2178 711 2242 mortales
725 2193 846 2242 vertere
861 2191 974 2242 terram

197 2283 328 2362 Instituit,
340 2307 435 2372 quum
446 2285 518 2372 jam'
528 2286 655 2370 glandes
670 2297 762 2368 atque
778 2269 884 2350 arbuta
896 2305 990 2350 sacre

196 2389 368 2458 Deficerent
383 2393 476 2471 silve,
493 2405 524 2454 et
539 2393 653 2455 victum
669 2389 803 2468 Dodona
818 2405 955 2476 negaret.

196 2493 267 2562 Mos
282 2511 314 2562 et
328 2496 488 2562 frumentis
503 2497 589 2561 labor
605 2495 746 2577 additua3
768 2509 802 2560 ut
817 2497 896 2562 mala
911 2496 1029 2562 culmos
1164 2500 1226 2562 150
1286 2559 1291 2568 ,

196 2597 281 2667 Esset
296 2601 415 2687 rubigo,
429 2603 592 2688 segnisque
608 2600 746 2664 horreret
761 2603 791 2664 in
808 2604 887 2666 arvis

196 2704 358 2773 Carduusa
381 2708 535 2770 intereunt
550 2719 695 2790 segetes;
718 2707 797 2770 subit
812 2726 920 2791 aspera
936 2706 1021 2788 silva,

192 2811 369 2900 lappaeque
384 2813 566 2898 tribulique3
589 2813 728 2898 interque
744 2815 869 2877 nitentia
883 2814 965 2880 culta

192 2917 303 2984 Infelix
319 2919 423 2984 lolium
441 2931 473 2980 et
489 2918 607 2982 steriles
621 2918 814 2982 dominantur
827 2939 941 2982 avene.

192 3023 289 3100 Qudd
305 3025 362 3090 nisi
379 3040 411 3089 et
426 3023 556 3090 assiduis
570 3037 685 3090 terram
700 3026 892 3090 insectabere
903 3029 1016 3106 rastris,
1168 3029 1229 3090 155
1273 3057 1278 3069 ·

193 3129 237 3195 Et
251 3133 354 3196 sonitu
368 3132 499 3195 terrebis
515 3152 598 3208 aves,
614 3131 738 3196 etruria
753 3133 841 3218 opaci
1259 3130 1263 3138 '

192 3235 292 3303 Falce
309 3257 434 3323 premes
448 3238 583 3316 umbras,
599 3237 738 3322 votisque
754 3239 912 3304 vocareris
928 3237 1067 3316 imbrem,

192 3340 289 3408 Heu!
314 3365 458 3428 magnum
474 3344 596 3409 alterius
612 3342 721 3408 frustra
732 3345 884 3430 spectabis
899 3365 1054 3422 acervum,

190 3449 419 3535 concussaque
435 3449 548 3514 manem
564 3452 593 3515 in
610 3449 691 3514 silvis
707 3451 844 3515 solabere
861 3471 987 3536 quercu.

236 3556 420 3621 Dicendum
435 3570 469 3621 et
484 3579 550 3642 quae
567 3560 625 3621 sint
640 3559 723 3622 duris
740 3559 908 3643 agrestibus
923 3579 1019 3635 arma,
1170 3561 1230 3622 160

190 3661 300 3737 Queis
316 3662 381 3725 sine
395 3683 455 3727 nec
470 3661 599 3748 potuere
615 3664 674 3727 seri
689 3685 749 3728 nec
764 3683 890 3748 surgere
906 3683 1022 3730 messes
1036 3685 1044 3725 r

190 3763 319 3842 Vomis,
336 3779 367 3828 et
381 3765 487 3830 inflexi
502 3762 632 3851 primdm
650 3789 742 3852 grave
758 3768 851 3833 robur
867 3770 967 3847 aratri,

188 3871 366 3956 Tardaque
384 3871 537 3936 Eleusine
554 3876 658 3939 matris
673 3876 823 3940 volventia
838 3875 982 3960 plaustra,

185 3973 400 4060 Tribulaque,
415 3977 600 4064 trabesque,
616 3991 647 4044 et
662 3981 766 4064 iniquo
781 3980 917 4064 pondere
932 3984 1018 4049 rastri
1031 4007 1041 4064 ;

187 4080 315 4166 Virgea
326 4096 475 4168 preterea
490 4083 581 4150 Celei
596 4085 723 4170 vilisque
740 4084 890 4170 supellex,
1170 4090 1230 4152 165

188 4187 345 4256 Arbuteae
361 4205 473 4272 cretes,
489 4205 521 4258 et
536 4192 665 4274 mystica
680 4213 795 4260 vannus
810 4179 938 4260 Iacchla
