2992 5102
138 397 177 456 62
530 391 815 460 usouetootttrtt

51 568 53 578 f
182 543 339 632 Exiguum
354 547 457 612 solito.
501 545 644 614 Necnon
660 550 751 614 etiem
767 569 877 634 sepem
891 553 971 616 mcci

181 645 304 715 Vimine
319 671 373 736 per
389 651 505 729 silvam,
521 667 552 716 et
567 653 639 737 ripis
654 651 781 718 fluvialis
796 655 913 720 mundo

182 752 328 835 Ceditur,
344 755 509 840 incultique
526 770 652 822 exercet
667 777 741 822 curn
755 759 862 824 salicti.
1141 771 1203 830 415

182 860 253 926 Jnm
267 865 373 927 vincte
390 864 476 940 vites,
487 863 553 950 jem
567 862 676 928 seluern
693 864 814 928 nrbuets
829 882 987 950 reponunt,

182 965 253 1032 Jnm
269 971 350 1034 cenit
364 981 520 1052 extremos
530 967 651 1035 effeetus
666 970 773 1034 vinitor
789 985 897 1034 entes:

184 1072 381 1140 Sollicitnnde
395 1090 499 1138 temen
513 1073 613 1150 tellus,
629 1074 786 1160 pulvisque
803 1077 988 1159 movendus;

183 1176 227 1242 Et
236 1179 301 1265 jam
316 1180 441 1246 maturis
456 1179 639 1244 metuendus
653 1177 772 1264 Jupiter
788 1181 864 1244 uvis.

227 1280 354 1362 contris,
370 1305 429 1348 non
445 1282 505 1346 ulls
521 1295 568 1346 est
582 1282 659 1346 oleis
673 1283 813 1346 culture:
835 1303 936 1367 neque
951 1285 1008 1349 ilic
1139 1293 1204 1352 420

183 1385 371 1454 Procurvom
387 1401 566 1474 exspectent
581 1385 703 1463 sulcem,
720 1401 891 1470 rastrosque
905 1401 1042 1468 tenaces,

183 1492 289 1567 Quum
305 1494 400 1558 semel
416 1495 565 1558 heserunt
580 1492 669 1568 ervis,
679 1512 828 1576 suraeque
845 1495 986 1560 tulerunt,

182 1599 253 1683 lpse
268 1599 339 1664 setis
353 1599 453 1676 tellus,
468 1619 561 1683 quum
577 1598 668 1663 dente
683 1598 851 1664 recluditur
867 1623 957 1682 unco,

183 1705 302 1770 Sufficit
317 1706 487 1782 humorem,
499 1716 531 1768 et
545 1704 685 1788 gravidus
700 1725 771 1768 cum
787 1727 912 1771 vomere
927 1707 1042 1793 fruges.

182 1806 253 1874 Hoc
269 1808 413 1893 pinguem
428 1821 460 1872 et
474 1807 616 1892 plscitem
632 1804 708 1871 Pnci
724 1808 849 1873 nutritor
862 1810 985 1878 olivum.
1141 1819 1202 1878 425

223 1911 323 1978 Poms
338 1933 471 1998 quoque,
487 1927 520 1977 ut
534 1911 664 1998 primitm
680 1927 801 1978 truncos
816 1915 941 1980 sensere
956 1917 1102 1998 seientes,

182 2016 225 2082 Et
238 2019 318 2082 vires
334 2017 470 2082 hebudre
486 2039 567 2097 sues,
582 2018 622 2082 nd
638 2018 739 2083 sidere
753 2021 861 2104 ruptim

178 2119 218 2188 Vi
234 2122 357 2210 propriis
371 2125 515 2200 nituntdr,
530 2122 658 2208 opisque
673 2123 756 2187 hsud
771 2125 873 2209 indign
889 2141 1007 2192 nosue.

181 2227 251 2292 Nec
262 2228 361 2293 minus
376 2229 491 2293 interes
507 2225 580 2292 stetu
597 2250 706 2294 nemus
720 2249 811 2292 omne
827 2236 987 2314 gravescit,

179 2332 422 2418 Sanguineisque
438 2333 551 2397 inculte
566 2333 675 2398 rubent
691 2335 801 2398 unieris
817 2335 942 2416 beccis3
1138 2345 1202 2406 430

179 2437 360 2502 Tondentur
375 2437 463 2522 cytisi
477 2459 486 2516 ;
508 2437 601 2502 tedes
617 2437 690 2502 silva
706 2440 767 2504 ulte
781 2442 937 2521 ministret,

180 2541 412 2627 Psscunturque
428 2541 514 2624 ignes
530 2542 678 2619 nocturni,
694 2556 726 2605 et
740 2542 853 2609 tumim
869 2545 1008 2612 fundunt.

180 2645 223 2710 Et
237 2645 375 2710 dubitent
388 2647 528 2712 homines
542 2667 657 2726 serere,
673 2661 763 2733 etque
779 2651 958 2736 impendere
974 2675 1079 2720 curem
1093 2661 1101 2722 !

222 2751 307 2828 Quid
324 2752 439 2840 msjm
454 2751 590 2837 sequen?
613 2753 722 2818 salices
736 2755 927 2841 humilesque
943 2761 1077 2842 gesisse,

179 2859 242 2923 Aut
257 2858 312 2922 illu
328 2858 432 2943 pecori
447 2855 598 2934 frondem,
614 2871 666 2923 sut
680 2859 850 2943 posteribus
866 2863 999 2942 umbros,
1139 2867 1202 2930 435

179 2965 351 3040 Sufficiunt,
365 2985 532 3050 sepemque
548 2964 630 3042 setis,
646 2979 677 3028 et
692 2964 802 3049 pabulo
817 2967 911 3032 melli.

180 3071 224 3137 Et
234 3071 321 3159 juvet
335 3070 500 3136 undantem
516 3071 599 3134 buxo
615 3084 755 3156 spectare
770 3070 932 3156 Cytorum,

180 3177 383 3262 Naryciusque
399 3175 477 3260 picis
491 3175 598 3240 lucos:
616 3175 702 3261 juset
717 3197 790 3240 ervo
804 3177 920 3257 videre,

179 3283 250 3349 Non
266 3283 368 3347 restris
383 3281 550 3360 hominum,
565 3301 624 3344 uon
641 3281 691 3345 ulli
707 3284 840 3348 obnoxie
855 3303 948 3346 curn.

180 3390 256 3476 lpse
272 3387 427 3453 Caucasio
442 3387 559 3452 steriles
574 3387 603 3450 in
619 3388 732 3452 vertice
749 3389 841 3467 silves,
1141 3400 1206 3459 440

182 3496 270 3573 Ques
285 3493 411 3560 animosi
427 3489 504 3556 Euri
519 3489 641 3556 assiduis
657 3479 858 3579 franguntque
873 3494 1046 3582 feruntque,

181 3603 267 3666 Dent
281 3599 355 3663 elios
370 3597 434 3662 elie
447 3595 560 3677 soetus3
587 3595 660 3660 dent
674 3596 747 3660 utile
762 3597 888 3683 lignum,

179 3708 213 3773 N
214 3707 317 3790 nvigiie
331 3706 428 3790 pinos,
445 3703 584 3768 domibus
598 3703 787 3788 cedrumque
802 3725 1036 3790 cupresscsqne.

182 3813 265 3879 Hinc
281 3812 382 3877 rndios
397 3809 507 3878 trivdre
522 3811 606 3888 rotie,
620 3811 691 3876 hinc
706 3827 850 3896 tympnnn
865 3811 1014 3896 plaustris,

182 3919 343 4006 Agricoiae,
359 3932 389 3982 et
402 3920 520 4002 ¹pondus
536 3918 648 3983 retibus
663 3916 792 4002 posuere
808 3918 937 3982 cndnss.
1141 3927 1204 3986 445

181 4023 352 4091 Viminibus
367 4023 476 4088 salices
491 4023 653 4100 ioecunde,
669 4021 826 4086 frondibus
842 4022 938 4088 ulmis
966 4047 970 4056 ·

183 4131 224 4193 At
238 4139 354 4212 myrtus
368 4125 476 4190 validis
490 4127 657 4206 hostilibus,
673 4139 705 4190 et
718 4127 799 4192 bone
812 4125 893 4196 bello
