2956 5132
192 499 249 560 tut
381 510 384 526 ¹
630 501 816 562 AENElDOS

237 652 272 716 ln
287 650 399 716 coelum
414 651 544 738 scopuli,
559 673 688 736 quorum
704 653 762 715 sub
777 652 894 714 vertice
909 649 971 714 late

238 755 375 840 AEquora
391 769 455 820 tuta
466 755 573 835 silent3
594 768 659 818 tum
674 754 758 818 silvis
774 773 867 816 scena
881 755 1019 816 coruscis

236 851 391 942 Desuper,
406 856 603 939 horrentique
618 871 718 918 atrum
733 876 839 918 nemus
853 857 991 918 imminet
1005 850 1126 916 umbri.

239 957 352 1023 Fronte
367 959 425 1022 sub
440 957 572 1022 adversis
587 957 721 1041 scopulis
736 941 942 1040 pendentibus
957 969 1095 1032 antrum3

241 1059 323 1123 intus
339 1079 425 1143 aqua
440 1059 556 1137 dulces,
570 1063 704 1141 vivoque
719 1057 830 1120 sedilia
845 1078 931 1134 saxu,

240 1161 457 1248 Nympharum
471 1162 598 1226 domus:
620 1161 672 1224 hic
688 1161 785 1224 sesses
800 1182 860 1224 non
875 1157 1110 1223 vincula'naves

241 1261 315 1327 Ulla
330 1277 442 1344 tenent,
456 1285 537 1327 unco
551 1284 612 1325 non
627 1260 733 1345 alligat
748 1261 887 1324 anchora
902 1281 1017 1323 morsu.

239 1367 314 1430 Huc
329 1379 447 1451 septem
463 1364 575 1428 AEneas
590 1361 729 1427 collectis
744 1363 875 1426 navibus
890 1365 974 1424 omni

239 1468 289 1532 Ex
304 1489 430 1531 numero
445 1467 544 1543 subit3
567 1486 614 1542 ac,
629 1485 740 1548 magno
755 1463 872 1527 telluris
888 1483 994 1526 amore

238 1569 373 1655 Egressi,
387 1567 492 1654 optata
506 1569 661 1652 potiuntur
676 1567 775 1629 Troes
791 1564 895 1644 arena,

238 1671 279 1735 Et
293 1671 358 1736 sale
372 1671 513 1734 tabentes
528 1681 612 1732 artus
623 1671 654 1732 in
670 1667 771 1734 littore
786 1681 913 1753 ponunt.

237 1774 286 1837 Ac
300 1769 432 1856 primum
447 1769 527 1834 silici
539 1768 705 1833 scintillam
720 1769 847 1833 excudit
861 1768 1009 1848 Achates,

237 1874 440 1957 suscepitque
455 1874 557 1956 ignem
572 1869 663 1950 toliis,
678 1884 770 1954 utque
785 1870 876 1934 arida
890 1869 1008 1934 circum

237 1975 432 2039 Nutrimenta
447 1973 543 2052 dedit,
557 1977 721 2058 rapuitque
736 1975 767 2036 in
779 1974 883 2036 fomite
899 1973 1065 2036 flammam.

237 2077 318 2140 Tum
333 2076 482 2140 Cererem
497 2088 674 2160 corruptam
689 2073 780 2138 undis
795 2073 1002 2158 Cerealiaque
1019 2095 1107 2138 arma

237 2175 417 2263 Expediunt
431 2178 505 2240 fessi
519 2198 641 2255 rerum3
663 2177 828 2261 frugesque
842 2189 985 2260 receptas

237 2281 278 2346 Et
292 2295 410 2345 torrere
425 2296 537 2366 parant
551 2281 692 2361 flammis,
707 2293 738 2344 et
753 2283 895 2366 frangere
907 2302 995 2344 suro.

279 2383 392 2447 AEneas
407 2382 566 2471 scopulum
582 2386 700 2446 interea
715 2381 905 2460 conscendit,
920 2395 950 2446 et
964 2403 1086 2446 omnem

237 2486 438 2570 Prospectum
452 2481 514 2546 late
529 2481 641 2568 pelago
655 2488 751 2566 petit,
773 2484 896 2547 Anthea
910 2488 937 2548 si
953 2496 1044 2569 quein

237 2587 394 2651 Jactatum
408 2597 500 2648 vento
514 2583 630 2664 videat,
646 2585 863 2672 Phrygiasque
878 2588 1025 2666 biremes,

237 2691 300 2753 Aut
314 2686 440 2772 Capyn,
455 2698 508 2749 aut
521 2685 613 2750 celsis
629 2689 659 2750 in
675 2689 831 2772 puppibus
847 2711 934 2754 arma
949 2690 1053 2753 Caici.

238 2790 359 2854 Navem
374 2791 406 2852 in
420 2799 588 2872 conspectu
602 2787 728 2868 nullam,
743 2804 806 2854 tres
820 2789 923 2856 littore
938 2813 1049 2856 cervos

180 2919 206 2979 q
239 2893 393 2976 Prospicit
408 2902 564 2968 errantes;
586 2889 643 2954 bos
659 2904 721 2955 tota
736 2907 874 2958 armenta
890 2907 1060 2978 sequuntur

238 2999 266 3060 A
282 3007 377 3080 tergo,
392 3005 423 3058 et
437 2991 559 3078 longum
574 3015 631 3078 per
645 2992 742 3058 valles
757 2999 895 3079 pascitur
910 3019 1030 3082 agmen.

238 3099 384 3164 Constitit
399 3096 461 3174 bic,
476 3117 644 3180 arcumque
658 3119 750 3162 manu
766 3098 945 3184 celeresque
960 3103 1088 3185 sagittas

240 3201 409 3285 Corripuit,
424 3198 502 3262 lidus
518 3217 583 3282 qua
599 3198 661 3264 tela
676 3201 806 3284 gerebat
821 3201 976 3280 Achates3

238 3305 454 3386 Ductoresque
469 3305 553 3386 ipsos
567 3299 710 3388 primdm,
725 3307 830 3388 capita
844 3304 907 3368 alta
923 3305 1056 3369 ferentes

201 3426 205 3437 ’
239 3409 395 3475 Cornibus
411 3409 561 3487 arboreis,
576 3413 701 3488 sternit3
723 3425 785 3474 tum
800 3411 907 3497 vulgus
918 3425 952 3474 et
967 3433 1091 3476 omnem
1202 3419 1262 3476 190

240 3513 354 3579 Miscet
368 3531 461 3598 agens
476 3509 546 3574 telis
560 3533 686 3576 nemora
702 3515 781 3576 inter
795 3514 925 3593 frondea
937 3515 1071 3580 turbam.

240 3615 308 3680 Nec
322 3611 409 3698 priris
424 3613 555 3692 absistit,
570 3614 661 3698 quam
676 3631 794 3700 septem
808 3620 943 3704 ingentia
955 3622 1055 3682 victor

241 3718 385 3804 Corpora
399 3719 507 3784 fundat
522 3719 616 3801 humi,
631 3735 661 3784 et
675 3745 835 3788 numerum
850 3748 921 3790 cum
935 3727 1067 3791 navibus
1082 3737 1191 3812 aquei.

240 3821 326 3884 Hinc
341 3833 462 3905 portum
477 3825 562 3907 petit,
577 3838 607 3887 et
621 3827 722 3888 socios
736 3829 868 3909 partitur
883 3831 913 3890 in
929 3848 1045 3890 omnes.

240 3921 336 4002 Vina,
351 3922 449 3987 bonus
464 3947 532 4008 quae
548 3925 661 3991 deinde
675 3927 764 3991 cadis
778 3929 923 3994 onerarat
938 3933 1066 3995 Acestes
1204 3935 1270 4010 195Ι

240 4023 360 4087 Littore
375 4024 550 4108 Trinacrio,
564 4029 756 4115 dederatque
772 4031 956 4096 abeuntibus
972 4033 1074 4115 heros,

240 4121 374 4206 Dividit,
388 4139 419 4188 et
433 4126 525 4194 dictis
540 4136 701 4198 moerentia
716 4145 844 4218 pectora
856 4134 986 4199 mulcet:
