2978 5124
442 541 446 546 Ι
660 455 843 518 umnam.
1234 463 1289 522 sn

266 605 370 698 Larga
384 607 520 694 quidem,
535 591 672 688 Drance,
685 627 809 692 semper
823 607 879 672 tibi
892 610 985 693 copia
999 605 1096 689 sandi,

265 711 347 775 Tum
363 732 457 795 quum
470 707 555 774 bella
569 729 676 772 manus
691 721 838 792 poscunt;
857 711 1061 796 patribusque
1076 711 1194 776 vocatis

265 813 387 878 Primus
401 811 487 877 ades.
532 809 594 874 Sed
609 833 670 874 non
684 809 835 894 replenda
848 826 894 876 est
908 813 995 876 curia
1009 813 1123 893 vorbis,
1229 821 1293 880 380

265 914 342 996 Qrae
359 912 423 977 tutb
438 913 496 976 tibi
509 932 621 997 magua
635 910 740 974 volant
753 909 826 976 dum
840 912 965 977 distinet
980 913 1098 978 hostem

265 1017 370 1103 Agger
384 1035 550 1092 murorum,
564 1033 622 1078 nec
638 1011 786 1078 inundant
797 1015 943 1100 sanguine
958 1017 1058 1081 fosse.

267 1117 401 1184 Proinde
416 1130 489 1182 tona
503 1115 636 1200 eloquio,
652 1114 775 1178 solitum
790 1116 864 1194 tibi}
886 1138 996 1202 meque
1011 1119 1130 1182 timoris

265 1225 369 1307 Argue
384 1233 427 1300 tu,
441 1218 578 1298 Drance,
592 1217 716 1303 quando
730 1229 775 1282 tot
790 1219 900 1304 stragis
915 1241 1045 1284 acervos

265 1323 457 1386 Teucrorum
472 1333 525 1386 tua
538 1320 650 1385 dextra
664 1317 759 1397 dedit,
773 1320 948 1404 passimque
964 1323 1086 1406 tropaeis
1227 1333 1290 1388 38⁵

265 1424 392 1510 Insignis
407 1445 509 1510 agros.
553 1423 655 1488 Possit
669 1421 743 1507 quid
759 1421 865 1486 vivida
879 1427 975 1488 virtus

264 1526 439 1613 Experiare
454 1525 546 1590 licet:
569 1546 627 1588 nec
643 1522 733 1609 longe
747 1524 864 1589 scilicet
879 1524 981 1590 hostes

264 1625 433 1710 Qraerendi
448 1626 554 1704 nobis3
575 1627 773 1690 circumstant
788 1624 922 1710 undique
937 1649 1050 1692 muros.

265 1731 345 1793 lmus
359 1733 391 1794 iu
405 1728 575 1793 adversos?
596 1726 679 1807 Quid
694 1730 818 1792 cessas?
840 1749 880 1791 an
895 1729 950 1792 tibi
966 1729 1092 1793 Mavors

264 1829 404 1897 Ventosd
417 1833 449 1894 in
464 1827 567 1914 lingui
580 1827 775 1914 pedibusque
789 1829 950 1914 fugacibus
965 1831 1029 1894 istis
1226 1843 1288 1900 390

264 1933 393 2018 Semper
408 1933 489 1996 erit?

264 2034 372 2100 Pulsus
387 2036 461 2120 ego!
485 2046 538 2098 aut
552 2034 714 2118 quisquam
729 2030 849 2112 merito,
863 2033 1041 2115 foedissime,
1055 2034 1175 2122 pulsum

263 2139 390 2224 Argum,
405 2135 500 2201 Iliaco
515 2135 664 2200 tumidum
680 2135 731 2220 qui
745 2155 888 2200 crescere
904 2135 1039 2221 Tybrim

264 2240 426 2326 Sanguine,
441 2252 472 2302 et
486 2238 626 2304 Evandri
640 2250 735 2303 totam
749 2257 820 2302 cum
834 2237 928 2323 stirpe
943 2238 1064 2304 videbit

263 2341 465 2406 Procubuisse
479 2340 613 2420 domum,
629 2353 721 2426 atque
737 2353 844 2404 exutos
859 2339 1001 2404 Arcadas
1016 2341 1129 2406 armis?
1225 2353 1286 2410 395

262 2443 361 2508 Haud
375 2447 419 2508 ita
432 2465 482 2508 me
497 2447 618 2529 experti
633 2443 730 2506 Bitias
744 2455 775 2506 et
790 2441 950 2508 Pandarus
964 2443 1080 2530 ingens,

263 2544 394 2628 lit-quos
407 2544 490 2608 mille
504 2543 555 2608 die
571 2545 668 2608 victor
682 2544 741 2608 sub
755 2543 890 2608 Tartara
905 2545 983 2624 misi,

262 2644 399 2710 lnclusus
413 2647 515 2726 muris,
530 2644 694 2730 hostilique
709 2665 823 2732 aggere
837 2661 952 2732 septus.

261 2745 354 2812 Nulla
368 2747 450 2814 salus
465 2747 564 2812 bello!
587 2747 694 2831 Capiti
708 2767 786 2812 cane
801 2748 877 2814 talia
891 2749 1019 2816 demens

260 2847 421 2913 Dardanio
435 2848 591 2934 rebusque
606 2850 675 2913 tuis.
720 2850 852 2914 Proinde
867 2853 969 2917 omnia
983 2875 1094 2942 magno
1223 2867 1284 2925 too

261 2950 308 3015 Ne
322 2973 412 3016 cessa
424 2953 552 3017 turbare
566 2963 660 3032 metu,
673 2965 765 3035 atque
780 2953 929 3020 extollere
944 2956 1025 3020 vires

260 3054 367 3120 Gentis
381 3054 430 3118 bis
444 3056 544 3136 victer,
558 3055 666 3120 contri
680 3076 822 3140 premere
838 3077 924 3120 arma
939 3057 1052 3124 Latini.

261 3155 348 3221 Nunc
361 3169 391 3220 et
403 3155 635 3242 Myrmidonum
645 3178 791 3241 proceres
804 3157 943 3244 Phrygia
955 3180 1040 3225 arma
1052 3163 1238 3242 tremiscunt,

259 3257 348 3324 Nunc
363 3272 395 3322 et
406 3257 558 3343 Tydides,
572 3270 604 3323 et
616 3257 786 3324 Larissaeus
801 3258 959 3326 Achilleos

258 3361 365 3425 Amnis
379 3373 411 3424 et
424 3357 603 3424 Hadriacas
616 3372 700 3424 retro
715 3360 789 3445 fugit
804 3359 933 3425 Aufidus
946 3361 1056 3428 undas.
1221 3371 1281 3427 405

258 3460 321 3526 Vel
336 3484 429 3548 quum
444 3483 478 3525 se
492 3459 641 3546 pavidum
655 3475 763 3526 contra
778 3483 848 3526 mea
858 3460 962 3550 jurgia
975 3463 1062 3550 fingit

257 3565 393 3628 Artificis
407 3563 517 3643 scelus,
531 3575 563 3628 et
576 3561 740 3628 formidine
754 3567 873 3628 crimen
888 3565 1028 3630 acerbat.

257 3663 419 3750 Nunquam
434 3666 568 3730 animam
583 3664 675 3728 talem
689 3663 800 3730 dextre
814 3665 885 3746 hic,
899 3665 1014 3732 absiste
1029 3670 1155 3748 moveri,

256 3767 405 3848 Amittes3
428 3766 549 3831 habitet
563 3779 675 3848 tecum,
689 3780 720 3830 et
734 3767 773 3830 sit
786 3780 914 3852 pectore
928 3767 958 3832 iu
973 3766 1042 3832 isto.

297 3869 386 3934 Nunc
402 3868 442 3935 ad
459 3884 498 3950 te,
513 3883 544 3933 et
556 3883 609 3934 tua
623 3891 744 3955 magna,
757 3882 857 3954 pater,
870 3867 1009 3932 consulta
1024 3883 1174 3938 revertor.
1219 3883 1280 3940 ulo

258 3969 289 4032 Si
304 3969 417 4036 nullam
432 3971 543 4036 nostris
557 3969 637 4036 uitri
648 3992 735 4055 spem
749 3969 840 4062 ponis¹
852 3970 884 4032 in
899 3969 1000 4050 armis,

259 4073 291 4135 Si
305 4085 367 4138 tam
381 4071 497 4138 deserti
512 4094 624 4152 sumus,
639 4085 670 4137 et
684 4071 780 4136 semel
795 4071 916 4156 agmine
929 4093 1019 4140 verso
