2978 5124
197 503 255 562 did
660 499 849 560 AEHEIDOS

243 653 347 736 Qum
362 653 516 740 deprensa
530 654 666 720 iremunt
680 652 776 734 silvis,
791 669 822 720 ot
836 675 922 721 ceca
937 653 1078 720 volutant
1197 677 1201 699 ¹

246 756 419 838 Murmura,
433 771 579 822 venturos
594 758 695 822 nautis
708 757 874 842 prodentia
888 771 1008 823 ventos.

246 857 327 922 Tum
342 872 433 944 pater
446 863 651 944 omnipotens,
665 880 770 924 rerum
783 864 836 925 cui
850 881 970 928 summa
989 871 1137 946 potestas,
1225 865 1288 924 100

244 958 336 1024 infit:
359 983 397 1026 eo
411 960 547 1042 dicente,
561 960 655 1026 dedm
669 961 780 1027 domus
795 963 860 1028 alta
873 962 1000 1042 silescit,
1173 1031 1184 1046 ‚

246 1061 288 1126 Et
302 1065 484 1129 tremefacta
498 1064 565 1130 solo
579 1064 687 1146 telius3
709 1065 780 1132 silet
793 1065 911 1130 arduus
924 1065 1041 1144 asther3

248 1165 331 1230 Tum
345 1165 492 1254 Zephyri
505 1166 657 1252 posudm3
679 1170 791 1254 premit
804 1169 932 1255 placida
947 1189 1074 1256 aequora
1088 1181 1210 1255 pontius.

292 1269 431 1355 Accipite
446 1291 521 1356 ergo
535 1271 656 1351 animis,
671 1283 765 1356 atque
780 1270 848 1337 hoec
863 1293 934 1336 mea
949 1273 1033 1360 figite
1047 1272 1144 1338 dicta.

115 1433 120 1442 ,
245 1369 509 1456 Quandoquidem
524 1373 678 1438 Ausonios
689 1373 834 1460 conjungi
848 1373 968 1440 foedere
983 1374 1117 1438 Teucris
1224 1379 1288 1439 105

248 1473 346 1538 Haud
362 1473 490 1554 licitum,
504 1495 562 1538 nac
576 1487 681 1540 vestra
695 1477 782 1561 capit
795 1475 954 1542 discordia
969 1475 1078 1554 finem,

246 1576 325 1658 Quae
340 1577 453 1662 cuique
468 1590 516 1641 est
529 1577 652 1642 fortuna
667 1576 770 1657 hodie,
781 1599 875 1662 quam
890 1579 1021 1663 quicque
1035 1589 1122 1643 secat
1135 1598 1231 1662 spem,

247 1679 328 1744 Tros
345 1677 517 1744 Rutulusve
532 1680 608 1759 suat,
621 1677 707 1744 nulio
720 1677 901 1744 discrimine
916 1681 1063 1762 habeb03

115 1858 120 1864 ¹
248 1783 309 1848 Seu
324 1782 395 1848 satis
410 1780 522 1846 lulum
537 1793 642 1846 castra
656 1780 821 1848 obsidione
835 1793 987 1863 tenentur,

247 1889 320 1954 Sive
334 1909 441 1954 errore
455 1886 537 1954 malo
552 1888 659 1976 Trojoe
672 1889 859 1974 monitisque
873 1890 1021 1956 sinistrisr
1222 1897 1288 1954 110

223 1985 229 1997 '
246 1989 315 2056 Nec
331 1989 462 2056 Rutulos
478 1989 575 2054 solvo.
620 1990 683 2054 Sua
697 1991 812 2075 cuique
828 2011 944 2061 exorsa
956 1990 1098 2056 laborem
1223 2029 1227 2042 .

247 2093 478 2178 Fortunamque
492 2090 604 2156 serent.
648 2090 720 2156 Rex
734 2093 859 2178 Jupiter
873 2093 1015 2158 omuibus
1029 2092 1123 2159 idem.
1225 2123 1230 2140 ·

247 2196 324 2260 Fata
339 2195 422 2260 viam
436 2195 604 2260 invenient.
648 2195 750 2282 Stygii
765 2217 823 2281 per
837 2195 963 2260 flumina
977 2197 1093 2277 fratris,
1194 2241 1198 2256 .

246 2299 308 2364 Per
321 2299 393 2384 pice
408 2311 559 2364 torrentes
574 2296 704 2384 atrique
719 2300 867 2384 voragine
881 2300 976 2385 ripas,

245 2402 378 2482 Annuit3
399 2415 431 2466 et
445 2415 541 2465 totum
551 2413 626 2469 nutu
642 2403 815 2468 tremefecit
830 2403 1011 2489 Olympum.

246 2504 312 2569 Hic
328 2503 396 2568 finis
411 2501 508 2570 fandi.
554 2503 639 2568 Solio
654 2518 718 2570 tum
731 2501 854 2590 Jupiter
868 2525 965 2570 aureo

246 2606 368 2691 Surgit,
389 2604 539 2669 coelicolm
553 2604 691 2670 medium
707 2627 799 2690 quem
814 2605 856 2670 ad
871 2605 978 2672 limina
991 2605 1120 2673 ducunt.
1259 2689 1262 2696 Δ

290 2707 414 2774 interea
429 2706 538 2772 Rutuli
556 2708 653 2790 portis
667 2706 787 2774 circdm
801 2708 944 2774 omnibus
959 2711 1073 2774 instant

246 2812 393 2874 Sternere
406 2808 495 2874 coedc
509 2810 603 2892 viros,
618 2823 649 2876 et
662 2810 777 2876 moenia
791 2813 918 2898 cingere
933 2811 1077 2878 flammis.

245 2915 288 2980 At
301 2911 383 3000 legio
397 2908 576 2979 AEneaddm
590 2914 682 2980 vallis
696 2915 826 2980 obsessa
841 2928 978 2981 tenetur:

244 3015 312 3081 Nec
328 3039 399 3103 spes
413 3016 477 3081 ulla
491 3018 582 3104 fugae.
626 3017 737 3084 Miseri
752 3031 833 3084 stant
847 3021 984 3084 turribus
999 3019 1070 3085 altis

242 3119 474 3205 Nequidquam,
489 3134 520 3186 et
533 3120 607 3186 rarsi
621 3141 727 3186 muros
741 3119 870 3186 cinxdre
884 3120 1013 3187 euroni.

246 3226 339 3290 Asius
354 3223 551 3303 Imbrasides,
566 3225 837 3310 Hicetaoniusque
852 3224 1048 3312 Thymoetes,

245 3328 454 3411 Assaracique
469 3325 541 3407 duo,
555 3339 587 3390 et
600 3327 704 3392 senior
717 3347 789 3392 cum
804 3326 936 3394 Castore
951 3329 1143 3417 Thymbria,-

246 3428 351 3493 Prima
366 3432 463 3494 acies.
508 3429 579 3494 Hos
593 3433 732 3516 germani
748 3431 938 3518 Sarpedonis
952 3433 1056 3515 ambo,

245 3531 286 3596 Et
301 3529 424 3612 Clarus,
440 3543 471 3595 et
484 3530 638 3612 Theman,
653 3531 756 3620 Lycid
771 3535 956 3602 comitantur
970 3537 1011 3602 ab
1026 3536 1101 3604 altri.

245 3633 320 3698 Fert
334 3637 442 3720 ingens
457 3647 520 3700 toto
534 3635 686 3700 connixus
699 3657 833 3722 corpure
847 3659 967 3720 saxum,

246 3733 345 3800 Haud
361 3749 480 3822 partem
496 3737 638 3822 exiguam
654 3741 776 3818 montis,
791 3739 980 3824 Lyrnessius
994 3743 1125 3822 Acmon,

245 3835 313 3902 Nec
330 3835 437 3922 Clytio
451 3841 591 3923 genitore
605 3841 716 3918 minor,
730 3861 788 3904 nec
803 3841 899 3904 iratre
915 3841 1111 3908 Menestheo.

246 3937 294 4002 Hi
304 3937 428 4024 jaculis,
442 3937 488 4002 illi
502 3953 622 4004 certant
636 3939 808 4005 defendere
825 3941 920 4018 saxis,

244 4037 413 4122 Molirique
427 4039 540 4124 ignem,
552 4063 712 4126 nervoque
727 4055 838 4127 aptare
852 4044 990 4128 sagittas·

234 4139 315 4232 Jpse
329 4142 410 4205 iuter
425 4140 554 4222 medios,
571 4141 705 4208 Veneris
716 4144 890 4229 justissima
903 4167 990 4226 cura,
