2978 5124
205 529 264 588 aar
652 517 840 592 anemos

246 687 312 756 Ora
327 710 439 754 cruor:

247 795 300 858 Sic
314 793 375 858 ruit
390 796 422 858 in
437 791 551 858 densos
567 789 673 858 alacer
688 791 863 856 Mezentius
878 787 993 858 hostes.

246 896 399 960 Sternitur
411 893 520 960 infelix
535 897 651 975 Acron,
666 907 696 958 et
711 893 851 959 calcibus
866 905 964 958 atram
1220 901 1283 960 tae

245 995 364 1062 Tundit
378 995 504 1062 humum
519 998 693 1082 exspirans,
708 998 903 1084 infractaque
917 993 980 1060 tela
993 1008 1146 1062 cruentat.

243 1103 348 1185 Atque
362 1101 445 1164 idem
461 1101 628 1187 fugientem
644 1099 728 1164 haud
743 1114 790 1164 est
804 1098 949 1186 dignatus
963 1097 1091 1166 Oroden

245 1207 401 1284 Sternere,
415 1226 473 1270 nec
486 1203 571 1291 jacti
585 1225 704 1268 cascum
719 1201 796 1268 dare
811 1201 941 1288 cuspide
956 1201 1086 1285 vulnus;

244 1308 374 1388 Obvius,
389 1307 583 1391 adversoque
597 1309 742 1386 occurrit,
757 1325 852 1390 seque
867 1305 934 1371 viro
949 1307 997 1370 vir

244 1411 394 1493 Contulit,
408 1409 492 1476 haud
507 1410 589 1476 furto
603 1409 722 1488 melior,
737 1407 793 1474 sed
808 1407 939 1474 sortibus
954 1409 1059 1474 armis.
1217 1419 1280 1476 735

119 1525 122 1532 ’
243 1516 325 1580 Tum
340 1535 433 1600 super
447 1513 603 1601 abjectum
618 1515 719 1598 posito
733 1511 815 1597 pede
829 1512 921 1577 nixus
936 1525 966 1578 et
980 1511 1090 1580 hasti:

245 1619 323 1685 Pars
337 1617 413 1684 belli
429 1616 512 1682 haud
528 1613 702 1696 temnenda,
716 1615 786 1695 viri,
795 1615 885 1702 jacet
899 1614 978 1680 altus
992 1615 1125 1684 Orodes.

243 1719 449 1787 Conclamant
463 1719 549 1799 socii,
564 1717 667 1782 laetum
681 1738 794 1803 paeana
808 1718 916 1782 secuti.

243 1825 299 1890 llle
315 1837 416 1890 autem
433 1823 614 1908 exspirans:
637 1820 707 1886 Non
722 1841 783 1902 me,
798 1821 985 1906 quicumque
1000 1844 1044 1904 es,
1059 1823 1164 1906 inulto,

243 1929 364 2009 Victor,
377 1947 436 1992 nec
451 1923 574 2012 longdm
589 1923 758 2006 laetabere5
781 1939 810 1988 te
825 1945 949 2010 quoque
964 1927 1029 1990 iata
1216 1935 1280 1996 740

243 2033 446 2118 Prospectant
460 2031 561 2116 paria,
576 2042 669 2116 atque
685 2025 796 2093 eadem
811 2050 884 2093 mox
900 2049 978 2095 arva
992 2029 1124 2096 tenebis.

242 2135 293 2202 nd
309 2156 401 2222 quem
416 2131 583 2198 subridens
597 2129 695 2196 mixta
710 2130 884 2196 Mezentius
899 2131 964 2196 irai:

242 2225 332 2304 Nune
348 2259 487 2303 morere:
510 2248 558 2300 ast
572 2233 612 2299 de
627 2255 676 2298 me
691 2231 798 2298 divtim
812 2248 902 2321 pater
916 2249 1010 2322 atque
1026 2234 1182 2306 hominum
1197 2261 1256 2305 rex

241 2341 380 2409 Viderit.
425 2341 497 2404 Hoc
512 2337 631 2418 dicens,
646 2335 754 2402 eduxit
767 2359 900 2424 corpore
915 2337 1027 2405 telum:

239 2444 304 2510 Olli
320 2442 399 2509 dura
414 2445 502 2528 quies
516 2439 623 2506 oeulos
638 2453 670 2506 et
683 2441 803 2506 ferreus
817 2455 905 2530 urget
1215 2453 1279 2512 745

241 2549 391 2626 Somnus,
413 2549 444 2610 in
460 2558 608 2610 aeternam
622 2542 810 2610 clauduntur
823 2545 939 2612 lumina
954 2563 1086 2616 noctem.

284 2649 431 2715 Caedicus
445 2647 633 2714 Alcathoum
647 2648 823 2730 obtruncat,
839 2649 986 2716 Sacrator
1002 2653 1190 2740 Hydaspen,

242 2753 505 2836 Partheniumque
521 2749 613 2836 Rapo
628 2764 660 2814 et
673 2749 852 2836 praedurum
865 2756 986 2820 viribus
1001 2757 1123 2840 Orsen3

241 2859 405 2943 Messapus
420 2855 636 2940 Cloniumque,
650 2855 911 2945 Lycaoniumque
928 2859 1094 2942 Ericeten3

241 2961 330 3028 lllum
345 2961 480 3026 infrenis
495 2961 567 3046 equi
582 2959 671 3046 lapsu
687 2959 795 3025 tellure
805 2961 976 3048 jacentem,
1213 2976 1277 3036 750

240 3065 336 3130 Hunc
350 3063 487 3151 peditem
502 3063 610 3150 pedes.
655 3063 695 3128 Et
709 3063 829 3150 Lycius
842 3080 1040 3152 processerat
1054 3071 1138 3158 Agis,

239 3169 340 3252 Quem
355 3181 457 3234 tamen
473 3167 557 3232 haud
573 3189 687 3254 expers
702 3167 839 3234 Valerus
854 3173 976 3236 virtutis
991 3171 1081 3238 avite

238 3271 381 3360 Dejicit;
403 3281 435 3334 at
449 3269 621 3334 Thronium
638 3267 748 3352 Salius,
763 3269 943 3356 Saliumque
959 3273 1104 3358 Nealces,

239 3379 369 3464 insignis
378 3374 486 3460 jaculo
501 3387 532 3442 et
547 3373 637 3462 longe
652 3373 776 3440 fallente
791 3376 913 3464 sagittis.

279 3481 350 3545 Jam
363 3481 468 3566 gravis
483 3477 631 3562 aequnbat
645 3477 745 3544 luctus
760 3491 792 3544 et
805 3495 911 3546 mutua
925 3479 1053 3549 Mavors
1212 3495 1274 3560 7⁵⁵

238 3583 382 3662 Funera3
402 3579 568 3646 credebant
582 3581 700 3666 pariter
713 3582 893 3668 pariterque
906 3585 1040 3652 ruebant

238 3687 385 3753 Victores
399 3687 547 3772 victique,
562 3707 663 3772 neque
678 3686 727 3752 his
741 3686 814 3774 iuga
828 3701 902 3756 nota
916 3712 1018 3778 neque
1033 3690 1105 3758 illis.

238 3789 284 3854 Di
297 3790 386 3854 Jovis
402 3792 433 3852 in
448 3791 539 3854 tectis
554 3791 634 3860 iram
649 3791 835 3854 miserantur
849 3790 974 3858 inanem

237 3893 418 3972 amborum,
434 3903 465 3956 et
479 3903 580 3956 tantos
595 3889 778 3956 mortalibus
792 3913 860 3958 esse
875 3893 1012 3960 labores.

216 4015 219 4022 ’
236 3995 323 4062 Hine
338 3994 457 4074 Venus,
471 3995 544 4062 hine
559 3994 667 4062 contra
681 4007 803 4082 spectat
818 3997 963 4064 Saturnia
977 4000 1070 4066 Juno.
1211 4009 1274 4070 760

237 4097 358 4164 Pallida
373 4097 546 4184 Tisiphone
560 4097 665 4164 media
678 4098 759 4178 inter
773 4098 870 4164 millia
884 4099 984 4166 erevit.

237 4203 279 4268 At
292 4197 368 4266 verti
383 4202 537 4288 ingentem
553 4205 696 4284 quatiens
711 4203 886 4272 Mezentius
900 4203 1021 4272 hastam
