2914 5130
1256 517 1314 578 259

275 668 365 732 Stant
379 663 457 732 belli
470 686 593 746 causae3
614 655 768 754 pugnatur
781 629 953 734 comminus
968 673 1084 750 armis3

274 771 354 854 Qum
370 771 435 834 lors
449 769 549 855 prima
562 768 660 850 dedit,
674 774 797 857 sanguis
812 793 908 836 novus
923 773 1034 836 imbuit
1048 791 1146 838 arma.

254 872 371 936 ‘Talia
384 872 528 959 conjugia
542 885 573 934 et
587 870 664 936 tales
678 872 839 938 celebrent
853 872 1034 958 hymeneos

275 974 444 1061 Egregium
461 975 597 1040 Veneris
611 995 706 1060 genus
721 988 752 1040 et
764 997 823 1040 rex
838 979 905 1060 ipse
919 975 1060 1042 Latinus.
1093 979 1095 984 ’

274 1077 324 1142 Te
339 1099 435 1165 super
448 1077 594 1142 aetberias
609 1099 715 1143 errare
730 1077 871 1144 licentids
886 1099 978 1144 auras

274 1179 375 1246 Haud
391 1194 481 1267 pater
495 1179 547 1244 ille
562 1179 636 1244 velit
651 1183 762 1246 summi
775 1195 922 1268 regnator
937 1180 1082 1266 Olympi3

273 1283 364 1348 Cede
379 1283 476 1347 locis:
499 1305 566 1370 ego,
581 1288 608 1348 si
623 1305 685 1368 qua
700 1306 793 1371 super
808 1287 931 1350 lortuna
945 1283 1087 1348 laborum
1102 1295 1158 1363 est,

271 1388 346 1473 Ipsa
361 1408 481 1472 regam.
525 1386 621 1450 Tales
636 1386 767 1452 dederat
782 1389 926 1454 Saturnia
940 1408 1044 1450 voces.

273 1487 332 1568 Illa
348 1501 453 1552 autem
468 1488 579 1552 attollit
592 1489 757 1554 stridentes
772 1490 923 1576 anguibus
937 1488 1014 1568 alas,

272 1589 454 1676 Cocytique
468 1595 546 1676 petit
560 1591 677 1672 sedem,
691 1607 805 1678 supera
819 1592 918 1658 ardua
935 1590 1085 1676 linquens.

271 1691 327 1756 Est
343 1693 441 1771 locus,
456 1693 553 1758 ltaliae
568 1693 672 1758 medio
687 1694 744 1758 sub
759 1695 915 1758 montibus
929 1693 1010 1773 altis,

271 1795 406 1874 Nobilis,
420 1807 452 1859 et
466 1795 550 1860 samri
564 1795 667 1860 multis
682 1809 870 1862 memoratus
884 1799 915 1862 in
930 1797 1003 1877 oris,

270 1893 434 1962 Amsancti
450 1896 568 1977 valles3
590 1897 693 1962 densis
708 1897 789 1962 bunc
804 1898 967 1963 frondibus
980 1909 1080 1962 atmm

270 1997 372 2085 Urget
387 1999 542 2084 utrimque
557 1999 637 2064 latus
651 2001 975 2090 nemorisqmedioque
994 2001 1134 2088 fragosus

269 2100 336 2167 Dat
350 2102 483 2166 sonitum
498 2103 582 2168 saxis
598 2115 629 2166 et
643 2115 723 2168 torto
737 2105 856 2169 vortice
870 2117 1001 2168 torrens

271 2204 338 2268 Hic
354 2223 468 2289 specus
482 2204 681 2284 horrendum,
696 2209 771 2271 saevi
785 2205 940 2293 spirabula
954 2207 1047 2286 Ditis,

269 2305 483 2386 Monstratur3
504 2322 657 2394 ruptoque
672 2313 779 2396 ingens
794 2309 972 2375 Acheronte
986 2331 1103 2396 vorago

270 2408 441 2474 Pestiferos
454 2412 555 2496 aperit
568 2412 685 2492 lauces,
699 2413 787 2497 queis
801 2413 926 2478 condita
942 2413 1089 2499 Erinnys,

271 2513 408 2578 lnvisum
424 2535 548 2594 numen,
563 2527 664 2578 terras
678 2514 853 2600 coelumque
869 2515 1006 2582 levabat.

312 2616 381 2680 Nec
397 2614 498 2680 minus
512 2621 634 2682 interea
648 2630 819 2683 extremam
835 2619 978 2684 Saturnia
992 2617 1076 2684 bello

268 2717 405 2804 imponit
417 2719 525 2804 regina
539 2741 675 2790 manum.
719 2719 795 2784 Ruit
809 2722 907 2786 omnis
921 2722 951 2786 in
965 2723 1076 2788 urbem

269 2819 434 2885 Pastorum
448 2843 490 2885 ex
503 2822 571 2886 acie
587 2843 751 2887 numerus:
774 2843 934 2918 csesosque
948 2837 1116 2910 reportant

267 2924 433 2988 Almonem
447 2945 587 3009 puerum,
601 2924 771 3009 soedatique
785 2945 842 2989 ora
856 2923 991 3006 Galsesi3

269 3025 501 3112 Implorantque
516 3024 602 3105 deos,
615 3027 868 3112 obtestanturque
883 3027 1038 3094 Latinum.

269 3127 392 3194 'liumus
408 3127 507 3208 adest,
520 3129 686 3214 medioque
701 3134 733 3195 in
747 3129 876 3222 crimine
890 3129 985 3196 cedis
1000 3144 1032 3196 et
1045 3133 1124 3219 ignis
1142 3177 1145 3188 ·

269 3231 439 3297 Terrorem
453 3235 641 3318 ingeminat3
663 3235 804 3299 Teucros
818 3234 849 3298 in
863 3255 960 3320 regna
974 3239 1091 3316 vocari,

270 3335 403 3421 Stirpem
417 3335 584 3402 admisceri
600 3337 790 3423 Phrygiam
810 3357 844 3401 se
860 3335 962 3402 limine
977 3339 1062 3424 pelli.

267 3438 360 3518 Τιιω,
375 3461 505 3524 quorum
520 3443 657 3504 attonitae
673 3438 802 3504 Baccho
816 3461 943 3505 nemora
958 3443 1030 3506 avia
1043 3453 1159 3504 matres
1239 3445 1299 3502 ⁵80

269 3539 418 3605 lnsultant
432 3541 550 3620 thiasis,
564 3561 666 3625 neque
681 3543 763 3606 enim
778 3541 846 3608 leve
861 3563 972 3606 nomen
987 3544 1119 3620 Amator,

270 3640 417 3728 Undique
431 3642 555 3707 collecti
569 3644 692 3723 coeunt,
707 3643 902 3728 Martemque
917 3645 1058 3728 fatigant.

269 3743 357 3808 llicet
370 3742 531 3809 infandum
545 3748 651 3808 cuncti
665 3759 774 3810 contra
788 3750 892 3810 omina
906 3743 1032 3824 bellum,

268 3843 386 3910 Contra
400 3848 465 3911 sata
479 3845 583 3926 deum,
597 3867 746 3931 perverso
760 3850 884 3911 numine
899 3857 1049 3931 poscunt:

267 3945 420 4012 Certatim
434 3946 516 4033 regis
529 3948 731 4034 circumstant
744 3959 827 4011 tecta
841 3947 958 4010 Latini.
1235 3954 1296 4012 585

267 4045 335 4126 tlte,
348 4047 431 4112 velut
444 4047 549 4134 pelagi
563 4071 655 4134 rupes
670 4051 806 4127 immota,
817 4049 950 4127 resistit;

264 4147 325 4234 [Ut
339 4151 440 4238 pelagi
455 4173 560 4239 rupes,
574 4173 685 4239 magno
699 4153 843 4218 veniente
856 4152 1011 4242 fragore]
