2914 5130
201 511 259 568 ete
528 501 536 510 ’
635 503 826 567 AENEIDOS

241 663 362 747 Fletus,
377 675 408 730 et
422 665 454 730 in
468 663 551 730 lento
566 664 722 731 luctantur
735 687 892 732 marmore
906 655 1012 734 tonsae.

242 771 346 854 Atque
362 767 415 835 hic
430 767 543 834 AEneas
558 769 712 854 ingentem
728 789 768 832 ex
783 789 908 854 aequore
923 769 1025 835 lucum

244 870 408 958 Prospicit.
454 871 550 936 Hunc
565 871 646 936 inter
660 871 755 935 fluvio
770 871 936 936 Tiberinus
952 893 1084 955 amoeno,

244 973 426 1040 Vorticibus
440 973 568 1060 rapidis,
582 987 614 1038 et
628 973 723 1040 mutto
737 974 835 1040 flavus
850 975 955 1055 arena,

244 1074 279 1142 ln
293 1097 380 1142 mare
394 1078 583 1164 prorumpit:
608 1078 699 1142 varia
717 1073 897 1163 circumque
912 1081 1067 1166 supraque

245 1182 384 1245 Assueta
398 1179 473 1266 ripis
487 1179 630 1246 volucres
644 1193 676 1246 et
690 1180 823 1245 fluminis
837 1183 927 1247 alveo

246 1281 376 1350 AEthera
391 1282 568 1348 mulcebant
582 1297 686 1363 cantu,
701 1283 835 1368 lucoque
850 1284 1010 1352 volabant.

247 1386 388 1454 Flectere
403 1389 464 1453 iter
477 1391 581 1467 sociis,
594 1401 746 1472 terraque
762 1386 926 1453 advertere
941 1409 1060 1473 proras,

142 1483 146 1494 ’
247 1491 393 1580 imperat,
408 1505 439 1556 et
454 1491 542 1556 laetus
556 1491 651 1556 fluvio
665 1490 806 1556 succedit
820 1513 931 1578 opaco.

289 1597 380 1663 Nunc
395 1617 463 1683 age,
478 1597 531 1683 qui
545 1617 644 1681 reges,
659 1595 765 1676 Erato,
780 1615 850 1681 quta
864 1609 1005 1681 tempora
1019 1617 1135 1678 rerum,

245 1700 324 1784 Quis
340 1698 430 1764 Latio
444 1698 570 1784 antiquo
584 1697 676 1762 suerit
689 1709 795 1778 status,
810 1697 932 1762 advena
947 1699 1080 1763 classem

246 1801 350 1886 Quum
364 1798 497 1887 primum
513 1800 657 1866 Ausoniis
673 1801 828 1865 exercitus
843 1800 962 1887 appulit
976 1801 1051 1880 oris,

247 1904 434 1990 Expediam‚
449 1916 480 1968 et
494 1903 602 1990 prima
618 1903 777 1970 revocabo
791 1904 922 1970 exordia
938 1926 1060 1992 pugnae.

245 2008 295 2074 Tu
310 2021 423 2087 vatem,
437 2019 479 2085 tu,
494 2005 588 2087 Diva,
603 2029 703 2072 mone.
747 2005 859 2072 Dicam
875 2006 1005 2072 horrida
1021 2005 1124 2087 bella;

245 2111 360 2178 Dicam
375 2114 469 2191 acies,
483 2123 631 2196 actosque
646 2112 757 2174 animis
772 2110 802 2174 iu
817 2109 925 2174 t'unera
939 2131 1039 2196 reges,

248 2213 512 2300 Tyrrhenamque
526 2231 661 2292 manum,
676 2223 834 2296 totamque
847 2211 907 2276 sub
922 2231 1008 2276 arma
1024 2225 1167 2278 coactam

247 2315 448 2403 Hesperiam.
494 2315 597 2402 Major
610 2335 716 2378 rerum
729 2313 808 2378 mihi
822 2315 1061 2396 nasciturorum,

247 2421 352 2508 Majus
366 2442 444 2505 opus
458 2439 581 2484 moveo.
625 2415 697 2480 Rex
712 2439 789 2481 arva
804 2416 936 2483 Latinus
950 2433 980 2484 et
993 2419 1089 2484 urbes
1211 2446 1216 2461 ·

246 2523 319 2589 Jam
334 2523 438 2586 senior
451 2518 542 2606 longa
556 2517 695 2604 placidas
710 2520 740 2582 in
755 2541 834 2606 paee
849 2521 989 2608 regebat.

248 2626 344 2690 Hunc
361 2624 468 2689 Fauno
483 2635 514 2687 et
529 2621 668 2708 nympha
680 2623 816 2708 genitum
832 2625 988 2690 Laurente
1005 2625 1128 2692 Marica

249 2727 441 2812 Accipimus.
486 2723 593 2789 Fauno
609 2725 700 2788 Picus
714 2740 823 2808 pater;
845 2729 934 2810 isque
948 2741 1109 2812 parentem

248 2829 308 2908 Te,
323 2829 464 2906 Saturne,
478 2825 592 2905 refert3
614 2838 646 2889 tu
661 2827 816 2911 sauguinis
830 2828 953 2894 ultimus
969 2843 1087 2896 auctor.

246 2931 345 3000 Filius
359 2928 520 3010 antefato
533 2927 651 3006 diutim,
664 2927 830 3018 prolesque
845 2931 943 2996 virilis

249 3033 344 3100 Nulla
359 3033 433 3112 suit3
454 3029 615 3117 primique
629 3033 733 3096 oriens
748 3045 856 3117 erepta
868 3033 996 3119 juvanti
1010 3047 1068 3098 est.

250 3135 324 3202 Sola
339 3135 463 3200 domum
478 3146 509 3197 et
522 3144 624 3198 tantas
638 3133 784 3198 servabat
800 3133 862 3198 fitia
876 3134 977 3216 sedes,

248 3241 321 3308 Jam
337 3252 457 3304 matura
471 3236 549 3316 viro,
559 3236 624 3320 jam
639 3235 738 3320 plenis
753 3236 865 3301 nubilis
879 3241 977 3302 annis.

251 3342 342 3410 Multi
356 3341 441 3406 illam
455 3360 568 3425 magno
582 3361 601 3404 e
615 3338 706 3404 Latio
722 3339 846 3425 totaque
860 3327 1009 3425 petebant

248 3445 399 3516 Ausonis.
444 3443 524 3508 Petit
538 3455 609 3508 ante
624 3440 702 3506 alios
716 3441 943 3526 pulcherrimus
957 3465 1064 3510 omnes

249 3552 386 3628 Turnus,
400 3551 468 3612 avis
483 3550 643 3632 atavisque
658 3559 785 3632 potens3
807 3567 898 3631 quem
913 3548 999 3632 regia
1012 3548 1127 3635 conjux

251 3651 386 3740 adjungi
401 3671 548 3738 generum
563 3652 641 3714 miro
656 3648 846 3733 properabat
860 3671 986 3730 amore;

252 3753 315 3820 Sed
329 3752 424 3818 variis
437 3764 580 3837 portenta
593 3751 686 3815 dessm
701 3749 872 3814 terroribus
885 3751 1020 3816 obstant.

253 3859 376 3924 Laurus
390 3869 459 3920 orat
472 3858 544 3920 tecti
560 3853 674 3933 medio,
688 3855 720 3917 in
736 3853 947 3939 penenalibus
962 3855 1041 3936 altis,

251 3962 352 4033 Sacra
365 3979 497 4038 comam,
511 3955 684 4042 multosque
699 3969 780 4020 metu
795 3968 920 4020 servata
933 3977 990 4041 per
1004 3981 1120 4040 annos3

252 4061 353 4144 Quam
367 4060 636 4146 permanentem,
655 4062 771 4147 primas
786 4079 879 4144 quum
893 4058 1043 4128 conderet
1057 4085 1157 4146 arces,

254 4165 325 4248 lpse
339 4163 499 4232 ferebatur
514 4163 635 4231 Phoebo
650 4161 791 4232 sacrasse
807 4161 945 4246 Latinus,
