2914 5130
207 429 265 488 att
278 423 280 428 ’
654 427 842 489 AENEIDOS

249 585 425 653 Advenisse
438 587 532 653 viros.
577 585 633 652 llle
648 589 728 654 intra
743 603 824 654 tecta
837 590 946 656 vocari

203 767 228 799 f
250 689 395 776 Imperat,
410 703 440 756 et
455 691 531 756 solio
545 690 666 755 medius
680 693 822 757 consedit
837 693 932 758 avito.

250 795 383 860 Tectum
397 808 567 882 augustum,
581 796 698 881 ingens,
711 809 834 860 centum
849 795 979 861 sublime
993 793 1154 880 columnis,
1222 807 1283 865 lto

176 892 179 909 '
250 898 340 964 Urbe
355 899 411 964 luit
425 899 553 979 summa,
569 899 733 984 Laurentis
747 900 832 986 regia
849 901 925 981 Pici,

248 1003 452 1068 Horrendum
467 1002 551 1067 silvis
566 1015 597 1068 et
611 1003 770 1090 relligione
785 1004 961 1089 parentium

249 1109 316 1173 Hic
332 1122 454 1194 sceptra
471 1108 625 1193 accipere,
640 1122 671 1172 et
684 1108 800 1195 primos
816 1107 958 1173 attollere
972 1109 1082 1190 fasces

249 1209 388 1296 Regibus
402 1232 493 1276 omen
508 1225 592 1290 erat;
615 1210 674 1276 boc
689 1209 749 1274 illis
764 1211 851 1276 curia
866 1211 1034 1296 templum

248 1313 311 1380 Hae
326 1313 422 1378 sacris
437 1312 528 1377 sedes
543 1313 661 1399 epulis3
683 1311 745 1392 hic,
760 1313 856 1377 ariete
870 1333 962 1393 caeso,

248 1416 409 1502 Perpetuis
424 1416 504 1480 soliti
519 1430 622 1502 patres
637 1415 802 1480 considere
816 1416 939 1480 mensis.

246 1519 331 1602 Quin
347 1521 439 1583 etiam
454 1533 592 1584 veterum
608 1519 721 1604 effigies
737 1541 777 1583 ex
792 1518 901 1583 ordine
916 1539 1045 1583 avorum

247 1622 383 1708 Antiqua
398 1644 416 1686 e
430 1622 537 1702 cedro,
552 1617 718 1706 Italusque,
732 1635 881 1708 paterque
898 1623 1032 1686 Sabinus

246 1723 410 1805 Vitisator,
424 1745 553 1788 curvam
568 1745 696 1790 servans
711 1725 770 1788 sub
786 1725 917 1810 imagine
932 1724 1055 1804 falcem,

246 1827 458 1911 Saturnusque
472 1849 578 1908 senex,
592 1828 727 1910 lenique
742 1826 883 1891 bifrontis
898 1827 1009 1914 imago,
1220 1832 1282 1892 tao

245 1930 412 1995 Vestibula
428 1930 614 2009 adstabant3
636 1930 750 2015 aliique
766 1930 806 1993 ab
820 1929 938 2015 origine
953 1950 1044 2015 reges

245 2033 362 2098 Martia
377 2035 430 2119 qui
444 2035 487 2098 ob
501 2034 635 2119 patriam
650 2031 818 2120 pugnando
833 2031 961 2096 vulnera
974 2031 1070 2117 passi.

244 2137 407 2223 Multaque
421 2151 574 2224 praeterea
589 2137 687 2202 sacris
702 2139 733 2200 in
748 2135 887 2222 postibus
902 2156 1010 2215 orma3

244 2241 371 2329 Captivi
387 2241 523 2330 pendent
536 2263 654 2321 currus,
669 2261 835 2324 curvaque
851 2259 985 2320 secures,

244 2345 286 2414 Et
299 2348 400 2412 criste
416 2351 562 2432 capitum,
577 2361 607 2411 et
621 2361 779 2432 portarum
793 2347 928 2432 ingentia
939 2345 1085 2428 claustra,
1219 2354 1277 2412 tas

244 2452 444 2537 Spiculaque,
459 2449 637 2536 clypeique,
652 2461 823 2534 ereptaque
837 2463 938 2514 rostra
952 2448 1078 2514 carinis.

243 2553 314 2640 lpse
329 2554 481 2636 Quirinali
499 2553 574 2618 lituo
588 2553 749 2638 parvaque
763 2553 896 2618 sedebat

244 2657 425 2722 Succinctus
438 2653 557 2734 trabeis,
572 2654 713 2740 laevique
728 2655 829 2720 ancile
843 2655 973 2742 gerebat

243 2760 346 2842 Picus,
360 2760 473 2845 equrlm
488 2760 641 2839 domitor3
663 2781 755 2844 quem
769 2773 862 2845 capta
876 2758 1024 2845 cupidine
1040 2761 1155 2846 conjux

152 2908 159 2920 ·
241 2865 348 2932 Aurei
363 2887 542 2951 percussum
557 2861 652 2951 virgis,
668 2886 852 2950 versumque
867 2865 1005 2946 venenis,
1216 2875 1278 2934 19⁰

242 2973 331 3037 Fecit
345 2993 434 3037 avem
449 2972 554 3052 Circe,
569 2975 742 3057 sparsitque
757 2969 915 3036 coloribus
926 2971 1004 3061 alas.

241 3073 315 3139 Tali
329 3077 410 3139 intus
424 3073 539 3159 templo
554 3073 669 3154 divdm,
682 3073 847 3160 patriaque
862 3072 992 3138 Latinus

241 3176 323 3244 Sede
338 3176 460 3257 sedens,
473 3176 614 3240 Teucros
628 3175 669 3240 ad
685 3189 753 3241 sese·
768 3179 800 3240 in
815 3189 898 3242 tecta
912 3179 1060 3256 vocavit3

240 3284 344 3366 Atque
359 3280 427 3346 baec
442 3278 585 3366 ingressis
599 3278 725 3364 placido
738 3279 824 3364 prior
839 3279 936 3344 edidit
950 3302 1021 3344 ore:

281 3385 397 3465 Dicite,
411 3381 614 3462 Dardanidae,
629 3403 729 3467 neque
745 3385 827 3447 enim
842 3383 995 3448 nescimus
1010 3395 1042 3447 et
1054 3383 1170 3464 urbem-
1213 3389 1273 3448 195

239 3489 280 3554 Et
294 3509 399 3574 genus
414 3484 573 3575 auditique
588 3484 750 3550 advertitis
764 3506 890 3570 aequore
904 3507 1037 3566 cursum,

239 3589 322 3673 Quid
338 3582 462 3676 petitis?
484 3609 553 3674 quae
568 3609 664 3652 causa
678 3600 771 3668 rates,
787 3601 839 3652 aut
853 3589 942 3673 cujus
956 3599 1081 3675 egentes

238 3693 341 3758 Littus
355 3691 396 3756 ad
414 3691 581 3756 Ausonium
595 3702 639 3755 tot
653 3675 808 3775 pervade
822 3689 938 3754 caerula
952 3691 1058 3756 vexitl

239 3797 313 3860 Sive
328 3815 434 3858 errore
449 3794 517 3874 viae,
532 3815 587 3858 seu
602 3791 835 3878 tempestatibus
851 3793 923 3871 acti,

236 3897 365 3981 (Qualia
380 3894 477 3962 multa
491 3899 570 3962 mari
585 3910 687 3960 nauta
702 3895 859 3982 patiuntur
873 3897 906 3958 in
921 3894 1001 3978 alto)
1209 3901 1272 3962 mo

238 3999 388 4064 Fluminis
403 3997 539 4064 intrastis
552 4001 648 4084 ripas,
662 4011 815 4084 portuque
831 3996 967 4078 sedetis;

237 4101 286 4168 Ne
300 4101 394 4189 sugite
409 4100 594 4186 hospitium3
616 4123 694 4167 neve
708 4104 849 4189 ignorate
863 4100 997 4166 Latinos
