2914 5130
183 479 353 548 176,

223 633 315 720 isque
331 653 437 700 amens
451 635 558 715 animi,
571 645 604 698 et
616 655 741 700 rumore
755 653 906 700 accensus
923 655 1042 719 amaro,

222 735 350 804 Dicitur
363 753 434 804 ante
449 759 530 820 aras,
544 737 649 806 media
663 743 744 804 inter
759 743 886 804 numina
898 739 1017 822 divum,

220 839 448 926 Mulajgvem
462 841 606 908 manibus
620 840 752 927 supplex
766 839 874 906 orhsse
888 845 1025 927 supinis:
1191 853 1251 912 aus

221 943 346 1032 Jupiter
358 947 560 1032 omnipotens,
574 949 626 1010 cui
640 965 722 1012 nunc
737 947 899 1012 Maurusia
912 949 1006 1032 pictis

220 1049 306 1116 Gens
321 1049 445 1136 epulata
459 1053 535 1114 toris
550 1050 698 1114 Lenaeum
714 1049 793 1115 libat
808 1049 968 1131 honorem,

221 1151 369 1238 Adspicis
384 1153 475 1218 hrecl
495 1174 536 1218 an
550 1166 591 1234 te,
604 1155 735 1239 genitor,
750 1175 845 1238 quum
859 1153 990 1220 fulmina
1002 1166 1138 1240 torques,

219 1253 442 1349 Nequidquam
457 1255 640 1320 horremus?
660 1257 802 1340 cecique
817 1259 848 1320 in
864 1257 1000 1322 nubibus
1014 1261 1100 1344 ignes

219 1357 409 1424 Territicant
423 1359 550 1437 animos,
564 1371 595 1422 et
608 1361 713 1424 inania
727 1377 886 1422 murmura
899 1361 1051 1422 miscenti
1189 1365 1251 1424 910

220 1460 372 1543 Foemina,
387 1481 467 1546 qum,
481 1464 594 1526 nostris
608 1481 717 1526 errans
731 1463 764 1524 in
779 1459 899 1540 finibus,
913 1461 1024 1526 urbem

220 1564 375 1652 Exiguam
389 1567 491 1651 pretio
505 1565 617 1649 posuit,
631 1566 682 1628 cui
698 1562 782 1628 littus
798 1561 959 1643 arandum,

218 1667 342 1754 Cuique
357 1669 418 1734 loci
434 1668 518 1755 leges
532 1667 684 1748 dedimus,
697 1668 855 1732 connubia
868 1681 975 1732 nostra

121 1771 125 1778 '
165 1755 173 1768 ⁹
218 1771 357 1859 Repulit,
371 1794 409 1838 ac
424 1771 582 1838 dominum
597 1769 718 1836 AEnean
732 1774 764 1834 in
778 1759 876 1856 reg'na
890 1773 1021 1855 recepit.
1037 1765 1040 1774 ’

217 1875 259 1942 Et
273 1897 353 1942 nunc
369 1875 422 1942 ille
438 1877 537 1954 Paris,
550 1895 622 1940 cum
637 1877 785 1938 semiviro
799 1877 959 1954 comitatu,
1186 1881 1246 1938 915

217 1979 353 2046 Maeonii
367 1991 502 2045 mentum
516 1977 609 2043 mitri
622 1978 802 2062 crinemque
816 1976 994 2042 madentem

218 2083 385 2163 Suhnixus,
398 2095 489 2168 rapto
503 2081 635 2168 potitur:
658 2101 714 2146 nos
728 2101 859 2145 munera
872 2079 996 2166 templis

214 2184 341 2272 Quippe
355 2189 415 2250 tuis
430 2186 567 2265 ierimus,
581 2185 759 2270 famamque
773 2185 913 2248 fovemus
927 2185 1061 2250 inanem.

257 2286 390 2353 Talibus
403 2301 544 2354 orantem
558 2287 660 2366 dictis,
675 2307 808 2372 arasque
829 2299 993 2368 tenentem,

213 2391 323 2457 Audiit
336 2392 550 2476 Omnipotens,
564 2390 734 2475 oculosque
749 2389 791 2454 ad
805 2393 920 2454 moenia
937 2395 1025 2455 torsit
1183 2399 1245 2457 990

214 2491 327 2580 Regia,
341 2505 372 2557 et
385 2491 498 2556 oblitos
512 2493 604 2558 lamae
619 2491 757 2556 melioris
772 2505 923 2557 amantes.

212 2593 294 2658 Tum
309 2597 356 2658 sic
372 2595 561 2658 Mercurium
577 2592 754 2679 alloquitur,
769 2614 808 2658 ac
823 2594 899 2661 talia
913 2595 1061 2662 mandat:

167 2701 173 2712 '
213 2695 308 2762 Vade
323 2717 391 2783 age,
405 2707 488 2775 nate,
501 2715 582 2760 voca
597 2695 776 2784 Zephyros,
791 2713 823 2764 et
837 2699 943 2764 labere
957 2703 1089 2784 pennis;

212 2797 472 2883 Dardaniumque
486 2797 609 2878 ducem,
624 2799 726 2885 Tyris
741 2801 936 2888 Carthagine
950 2801 1003 2886 qui
1017 2823 1099 2868 nunc

212 2900 393 2987 Exspectat,
407 2901 539 2985 satisque
553 2897 645 2966 datas
659 2923 720 2966 non
734 2907 865 2987 respicit
878 2903 983 2982 urbes,
1181 2911 1243 2970 996

212 3001 391 3088 Alloquere,
406 3015 437 3066 et
450 2989 571 3068 cele‘res
585 3002 674 3068 deser
688 3025 758 3068 mea
773 3005 860 3070 dicta
874 3027 932 3090 per
946 3025 1050 3070 auras.

210 3103 281 3171 Non
297 3103 381 3169 illum
396 3105 486 3170 nobis
499 3106 641 3191 genetrix
655 3105 870 3192 pulcherrima
884 3108 978 3174 telem

210 3209 365 3289 Promisit,
378 3207 572 3292 Graiumque
587 3207 660 3272 ideo
674 3209 724 3274 his
738 3209 879 3275 vindicat
893 3216 1010 3293 armis;

210 3311 274 3376 Sed
288 3313 355 3376 lore
370 3309 424 3395 qui
436 3308 599 3396 gravidam
614 3314 756 3397 imperiis
770 3309 917 3398 belloque
932 3316 1114 3384 frementem

209 3414 332 3480 ltaliam
346 3425 478 3500 regeret,
492 3435 588 3500 genus
602 3413 666 3478 alto
681 3434 700 3478 a
714 3415 863 3503 sanguine
879 3413 996 3482 Teucri
1178 3425 1242 3484 980

210 3519 371 3598 Proderet,
385 3537 423 3582 ac
438 3529 535 3582 totum
549 3518 608 3584 sub
623 3516 708 3606 leges
722 3521 858 3588 mitteret
871 3522 992 3588 orbem.

209 3621 243 3686 Si
258 3619 341 3686 nulla
356 3619 502 3686 accendit
516 3633 671 3688 motarum
685 3619 785 3708 gloria
799 3644 915 3704 rerum,

208 3721 276 3788 Nec
291 3745 385 3810 super
400 3723 466 3810 ipse
480 3721 537 3788 sui
551 3723 676 3789 molitur
690 3723 784 3788 laude
799 3723 960 3806 laborem;

208 3827 384 3892 Ascanione
399 3840 489 3913 pater
504 3825 665 3894 Romanas
678 3827 796 3899 inuidet
811 3833 921 3892 arces?

207 3927 291 4010 Quid
305 3931 418 3991 struit?
438 3941 493 3992 ant
507 3927 568 4014 qui
583 3949 639 4014 spe
654 3927 779 3994 inimici
794 3931 825 3992 in
840 3943 931 4015 gente
945 3939 1105 3998 moraturi
1176 3941 1239 4000 985

207 4028 276 4093 Nec
290 4025 411 4114 prolem
425 4031 597 4096 Ausoniam
612 4043 642 4096 et
656 4029 792 4096 Lavinia
806 4031 934 4116 respicit
949 4039 1048 4100 arval

208 4129 362 4217 Naviget,
383 4129 450 4194 haec
465 4151 585 4198 summa
599 4145 665 4197 est:
688 4131 741 4198 hic
755 4135 852 4200 nostri
866 4136 989 4202 nuntius
1004 4150 1081 4204 esto.
