2992 5102
673 511 788 576 LIBER
807 512 856 574 lll.
1250 513 1302 616 '89

268 670 430 755 Ingratum
445 666 557 746 trahit3
580 675 622 741 et,
639 663 663 730 ai
679 665 799 749 quando
814 663 854 730 ad
868 662 976 750 prtelia
989 674 1115 730 venmm
1131 675 1188 740 est,

264 773 318 840 Ut
333 773 483 858 quondam
499 771 530 834 in
546 769 664 854 stipulis
679 787 807 853 maguus
820 769 886 834 siue
901 768 1014 834 viribus
1028 768 1115 852 iguis,

269 879 432 944 Incassum
446 874 528 940 furit·
554 871 641 958 Ergo
656 874 771 938 animos
786 893 945 958 evumque
961 871 1080 940 notehia

272 981 459 1069 Precipuh3
480 982 554 1046 hino
570 980 645 1044 alias
659 993 750 1056 anes,
766 979 945 1064 prolemque
961 991 1131 1062 parentttm,

275 1087 322 1154 Et
337 1089 403 1174 quis
417 1086 531 1170 cuique
547 1083 635 1148 dolor
648 1084 740 1161 victo,
756 1103 823 1168 que
840 1083 935 1167 gloria
949 1083 1068 1169 palmae.

273 1192 388 1258 Nonne
402 1190 503 1267 vides,
519 1208 611 1272 quum
627 1187 772 1274 precipiti
787 1187 955 1252 certamine
970 1203 1115 1273 oempttm

274 1291 477 1382 Corripuire,
494 1307 643 1376 ruuntque
655 1289 744 1356 efflusi
758 1311 887 1358 earcere
902 1311 1030 1370 ourruet

272 1399 384 1476 Quum
400 1419 472 1485 spes
487 1411 611 1464 arrectae
622 1395 782 1482 juvenum,
798 1397 1039 1481 exsultantiaque
1054 1397 1152 1466 haurit

278 1501 384 1570 Corda
398 1524 494 1590 pavor
508 1501 653 1590 pulsans?
675 1502 717 1566 illi
731 1502 842 1567 instem
855 1502 985 1566 verbere
998 1515 1087 1584 torto,

278 1608 324 1674 Et
337 1612 422 1695 proni
438 1610 510 1676 dant
525 1609 615 1688 lora3
636 1607 719 1672 volat
733 1608 762 1672 vi
778 1608 912 1674 fervidus
927 1609 1013 1674 axis:

278 1711 412 1798 Jamque
426 1713 564 1796 humiles,
575 1713 707 1798 jamque
719 1712 789 1777 elati
804 1712 931 1778 sublime
946 1713 1088 1780 ridentur

278 1820 366 1884 Adra
379 1839 575 1904 pervacuum
588 1817 673 1895 ferri,
691 1831 781 1902 atque
796 1839 953 1903 assurgere
969 1820 1000 1884 in
1015 1839 1114 1884 aurae.

277 1923 353 1988 Nec
368 1944 461 2002 mora,
477 1945 534 1989 uec
550 1923 698 2009 requies;
720 1938 751 1988 at
765 1921 852 1988 sulse
867 1925 987 1990 nimbus
1002 1946 1101 1990 arene

276 2025 432 2107 Tollimr3
453 2029 636 2093 humescunt
651 2027 766 2114 spumis
779 2027 915 2112 flatuque
930 2028 1130 2113 sequentium:

276 2133 398 2198 Tantus
412 2153 498 2198 amor
512 2133 648 2210 laudum,
663 2145 752 2198 tante
768 2147 815 2197 est
829 2132 955 2198 victoria
969 2153 1049 2198 cure
1063 2137 1072 2198 l

321 2234 448 2300 Primus
462 2234 678 2302 Erichthonius
692 2257 801 2302 currus
815 2249 847 2301 et
862 2249 990 2319 quatuor
1005 2255 1096 2301 ausus

273 2341 418 2426 Jungere
434 2363 542 2427 equos,
557 2344 738 2429 rapidusque
753 2345 827 2408 rotis
841 2343 979 2408 insistere
994 2343 1100 2408 victor.

274 2444 394 2511 Frena
404 2445 591 2512 Pelethronii
606 2443 744 2534 Lapithc
760 2467 914 2532 gyrosque
930 2443 1058 2524 dedtire,

276 2551 415 2639 Impositi
431 2552 544 2633 dors03
565 2567 656 2638 etque
669 2554 803 2638 equitem
819 2551 953 2620 docuere
968 2551 1024 2616 sub
1040 2554 1130 2620 ermis

276 2657 428 2724 hsulmre
443 2659 519 2738 solo,
535 2673 567 2724 et
581 2681 704 2746 pessum
718 2660 889 2745 glomerare
905 2660 1062 2746 superbos.

278 2760 400 2848 Equus
414 2776 542 2850 uterque
558 2765 667 2830 labor:
690 2765 776 2850 equis
784 2765 994 2852 juvenemque
1009 2766 1143 2850 magistri

277 2862 464 2952 Exquinrnt,
479 2869 675 2954 calidumque
690 2871 798 2934 animis
813 2885 844 2934 et
858 2870 996 2936 cursibus
1010 2891 1135 2952 acrem3

276 2971 431 3048 Quamvis
446 2973 526 3062 seph
542 2974 616 3060 suge
629 2997 735 3042 versos
749 2976 800 3041 ille
816 2978 913 3061 egerit
927 2978 1040 3056 hostes,

280 3073 325 3140 Et
340 3079 467 3163 patriam
481 3076 614 3164 Epirum
629 3079 754 3162 reserat,
768 3080 923 3169 sortesque
937 3079 1098 3166 Mycenes,

280 3181 480 3268 Neptunique
491 3182 559 3269 ipsit
573 3184 709 3250 deducat
721 3186 838 3270 origiue
853 3200 986 3271 gentem.

323 3285 385 3353 His
398 3289 626 3366 animadversis,
641 3291 752 3356 instant
767 3292 823 3356 suh
838 3305 970 3378 tempus,
985 3307 1016 3358 et
1029 3310 1136 3358 omnes

280 3393 465 3480 {mendum
479 3416 569 3459 ouras
584 3397 681 3462 denso
697 3398 871 3462 distendere
885 3399 988 3484 pingui

277 3495 387 3575 Quem
403 3498 505 3584 tegere
514 3500 629 3564 ducem
645 3514 676 3565 et
691 3504 796 3586 pecori
811 3502 919 3570 disum
934 3501 1096 3568 maritum:

278 3600 498 3688 Pubentesque
510 3619 617 3670 secant
631 3605 753 3686 herhas,
767 3607 936 3695 fluviosque
951 3605 1128 3682 minimam,

278 3704 449 3792 Famaque,
465 3727 504 3771 ne
517 3709 631 3774 hiando
645 3725 778 3796 nequeat
793 3731 952 3799 superesse
967 3707 1074 3786 labori,

280 3807 468 3897 lnealidique
483 3831 603 3898 patrum
618 3814 752 3880 reserant
761 3817 878 3903 jejunia
891 3813 963 3882 nati.

279 3912 352 4000 lpsa
366 3917 467 3981 autenl
484 3917 583 3982 macie
598 3931 723 3986 tenuent
738 3935 874 3986 armenta
886 3920 1045 3984 volentes:

275 4019 395 4104 Atque,
410 4021 461 4084 uhi
477 4022 657 4088 concubitus
671 4025 785 4108 primos
796 4023 862 4110 jam
876 4035 946 4088 nota
960 4021 1098 4108 voluptas
1241 4027 1303 4088 130

278 4121 441 4201 Sollicitet,
458 4123 642 4210 frondesque
657 4143 780 4214 negant,
796 4143 827 4192 et
842 4126 972 4192 iondhue
986 4143 1113 4210 urceot3

275 4227 371 4316 Saep'e
386 4231 480 4296 etiam
495 4249 587 4298 eursu
602 4233 750 4318 quatiunt,
766 4248 796 4302 et
811 4233 875 4302 sole
891 4231 1025 4321 fatigant,
