2936 5122
618 479 807 544 AENElDOS

254 645 377 710 Emicat
392 645 456 724 hic,
470 643 595 730 impune
610 657 731 729 putans,
747 657 778 709 et
792 663 925 729 corpure
940 655 1004 708 totu

218 747 291 813 Alta
308 747 461 814 sublatum
477 750 635 833 consurgit
649 747 773 812 Turnus
790 750 950 826 inensem,

215 851 256 916 Et
270 851 350 914 ierit.
396 849 582 914 Exclamant
595 849 697 914 Troes
712 848 887 934 trepidique
903 849 1018 929 Latini,
1189 855 1250 914 730

214 957 417 1039 Arrectaeque
433 955 594 1018 amborum
610 953 705 1016 acies.
749 956 791 1016 At
805 952 942 1037 perfidus
954 955 1036 1016 ensis

215 1055 389 1142 Frangitur,
405 1060 437 1119 in
452 1056 616 1140 medioque
632 1054 793 1120 ardentem
808 1055 926 1120 deserit
940 1056 1013 1134 ictu,

215 1159 256 1224 Ni
272 1161 344 1244 iuga
360 1159 500 1224 subsidio
515 1162 643 1224 subeat:
666 1160 743 1244 fugit
755 1163 843 1224 ocior
859 1159 953 1239 Euro,

217 1259 260 1324 Ut
275 1261 419 1347 capulum
435 1263 569 1347 ignotum
585 1261 790 1346 dextramque
802 1261 946 1347 adspexit
962 1265 1123 1328 inermem.

216 1365 314 1428 Fama
329 1379 376 1429 est
390 1365 595 1450 praecipitem,
610 1387 705 1450 quum
719 1368 822 1449 prima
836 1365 866 1428 in
881 1365 992 1450 proelia
1000 1367 1124 1452 jtmctoa
1153 1435 1161 1454 ⁸
1189 1369 1251 1428 735

217 1469 460 1536 Conscendebat
480 1491 586 1554 equos,
600 1475 701 1556 patrio
717 1491 863 1534 mucrone
878 1469 997 1548 relicto,

218 1571 302 1637 Dum
317 1573 463 1659 trepidat,
479 1575 593 1638 ferrum
609 1575 724 1660 aurigae
740 1573 879 1657 rapuisse
895 1573 1041 1636 Metisci:

219 1675 316 1759 ldque
332 1677 396 1756 diu,
411 1677 485 1740 dum
500 1689 586 1762 terga
599 1677 717 1740 dabant
731 1675 872 1760 palantia
887 1675 1012 1754 Teucri,

220 1783 364 1864 Suffecit3
386 1797 550 1868 postquam
566 1803 652 1846 arma
667 1781 720 1845 dei
735 1781 774 1846 ad
792 1779 949 1845 Vulcania
963 1792 1097 1859 rentiam,

219 1883 360 1949 Mortalis
376 1907 494 1965 mucro,
508 1883 623 1970 glacies
637 1905 695 1947 ceu
711 1881 816 1961 futilis,
832 1886 895 1946 ictu
1191 1883 1254 1943 740

220 1985 381 2050 Dissiluit:
405 1986 489 2052 iulvai
504 1985 703 2072 resplendent
718 1987 870 2070 lragmina
883 1981 990 2048 arent.

222 2089 307 2178 Ergo
321 2112 427 2154 amens
443 2091 566 2156 diversa
581 2088 652 2175 fugai
668 2092 746 2174 petit
760 2109 888 2172 aequora
902 2087 1046 2165 Tmnus3

222 2191 263 2255 Et
278 2215 358 2256 nunc
373 2193 444 2273 huc,
460 2193 533 2258 inde
549 2193 621 2273 huc,
636 2192 769 2256 incertus
785 2190 922 2276 implicat
936 2191 1048 2254 orbes:

220 2291 368 2380 Undique
384 2299 466 2360 enim
482 2295 579 2361 densis
594 2297 711 2360 Teucri
726 2293 881 2360 inclusere
895 2292 1029 2372 cornuti,

199 2435 204 2444 ·
223 2396 327 2480 Atque
343 2397 416 2462 hinc
433 2411 519 2462 vasta
534 2398 634 2481 palus,
649 2398 721 2462 hinc
737 2395 836 2461 ardua
851 2399 965 2460 moenia
980 2396 1116 2480 cingunt.
1197 2401 1257 2458 745

222 2496 290 2561 Nec
306 2497 406 2562 mimis
424 2499 546 2578 AEneas,
561 2519 739 2582 quanquam
755 2498 876 2562 tardata
892 2496 1004 2581 sagitta

226 2597 384 2662 lnterdum
399 2620 500 2684 genua
515 2598 696 2683 impediunt,
712 2621 897 2682 cursumque
913 2613 1067 2679 recusant,

224 2700 408 2785 Insequitur,
424 2701 597 2785 trepidique
612 2700 725 2784 pedem
739 2702 822 2786 pede
836 2701 975 2766 fervidus
990 2715 1090 2788 urget.

226 2803 381 2866 lnclusum
396 2803 491 2866 veluti
507 2804 532 2866 si
548 2803 674 2888 quando
688 2805 812 2869 flumine
828 2819 938 2869 nactus

226 2905 373 2986 Cervum,
389 2919 440 2970 aut
455 2905 594 2992 puniceae
610 2920 731 2992 septum
746 2907 911 2972 formidine
926 2929 1046 2993 pennu,
1199 2917 1261 2977 750

226 3007 370 3072 Venator
383 3029 474 3072 cursu
490 3009 577 3072 canis
592 3021 622 3072 et
638 3009 801 3074 latratibus
816 3013 928 3074 instat:

227 3110 283 3176 llle
299 3126 411 3192 autem,
426 3112 546 3177 insidiis
562 3126 593 3178 et
606 3112 676 3199 ripd
691 3117 818 3178 territus
832 3113 904 3194 alta,

227 3213 315 3279 Mille
330 3215 408 3300 fugit
422 3217 594 3302 refugitque
609 3219 698 3295 vias3
720 3229 752 3279 at
767 3217 891 3281 vividus
907 3214 1029 3280 Umber

228 3321 340 3384 Hares
355 3319 454 3399 hians,
463 3321 529 3406 jam
540 3321 669 3406 jamque
684 3333 776 3402 tenet,
791 3321 959 3406 similisque
975 3324 1091 3386 tenenti

229 3423 388 3510 Increpuit
402 3423 500 3502 maliS,
515 3445 680 3510 morsuque
695 3425 797 3490 elusus
812 3429 897 3492 inani
913 3439 970 3490 est.
1201 3434 1261 3492 755

228 3527 310 3590 Tum
326 3525 402 3592 verti
417 3527 553 3590 exoritur
568 3527 696 3607 clamor,
710 3529 849 3614 ripsque
865 3528 1014 3616 lacusque

229 3628 428 3717 Responsant
442 3631 536 3708 eirca,
551 3644 581 3693 et
596 3633 709 3696 coelum
724 3646 810 3696 tonat
824 3655 915 3698 omne
930 3633 1069 3700 tumultu.

230 3733 297 3812 Ille,
311 3732 401 3796 simul
417 3734 545 3818 lugiens,
562 3733 693 3798 Rutulus
708 3735 799 3799 simul
814 3738 956 3822 increpat
970 3757 1085 3816 aranee,

230 3835 364 3901 Nomine
381 3857 534 3922 quemque
549 3859 684 3918 vocans;
707 3851 873 3923 notumque
889 3839 1035 3926 efflagitat
1047 3861 1162 3908 ensem.

232 3937 350 4011 AEneas
366 3953 495 4002 mortem
511 3940 619 4003 contra
633 3963 830 4026 praesensque
846 3945 979 4008 minatur
1204 3949 1266 4008 760

233 4041 379 4120 Exitium,
395 4045 420 4104 si
437 4047 600 4126 quisquam
615 4045 727 4124 adeat3
748 4057 905 4129 terretque
920 4059 1093 4128 trementes,

233 4143 419 4210 Excisurum
435 4145 543 4212 urbem
557 4149 713 4228 minitans,
727 4162 758 4212 et
772 4151 897 4212 saucius
911 4153 1015 4215 instat.
