2914 5130
620 541 736 602 LIBER
755 541 818 603 Vll.

223 699 281 764 Sed
297 699 419 764 tortura
433 697 500 762 linit.
542 697 651 762 Tectis
666 698 718 763 hic
734 699 858 766 Turnus
872 705 903 766 in
919 701 989 767 altis

220 801 289 867 Jam
305 799 439 865 mediam
453 797 541 886 nigra
554 802 706 886 carpebat
719 815 809 867 nocte
823 805 968 888 quietem.

221 903 340 968 Allecto
354 917 474 968 torvam
489 906 603 969 iaciem
618 917 649 966 et
662 903 786 968 furialia
800 907 941 1004 membr-q

221 1007 330 1072 Exuit:
353 1010 384 1070 in
399 1005 501 1071 uultus
515 1027 583 1070 sese
596 1007 795 1072 transformat
809 1007 917 1090 aniles,

220 1108 258 1174 Et
271 1111 403 1174 frontem
417 1109 596 1174 obseoenam
610 1107 694 1194 rugis
708 1123 796 1173 arat:
818 1109 917 1174 induit
930 1111 1019 1180 albos

220 1213 297 1278 Cum
312 1213 388 1278 vitta
401 1215 525 1276 crines:
546 1225 610 1276 tum
624 1233 744 1277 ramum
759 1212 885 1276 innectit
898 1213 999 1280 oliva.

220 1317 267 1382 Fit
281 1313 418 1403 Calybe,
432 1315 561 1380 Junonis
576 1337 652 1379 anus
665 1314 833 1401 templique
847 1317 1014 1382 sacerdos:

219 1419 256 1484 Et
266 1421 374 1507 juveni
390 1433 461 1483 ante
475 1417 582 1482 oculos
596 1418 645 1482 his
660 1439 693 1481 se
707 1439 778 1482 cum
793 1419 922 1482 vocibus
936 1417 1044 1484 offert:
1184 1431 1250 1490 490

259 1523 377 1602 Turne,
392 1535 435 1586 tot
449 1525 605 1586 incassum
619 1521 702 1585 fusos
716 1519 836 1606 patiere
851 1521 986 1604 labores,

220 1623 256 1688 Et
271 1639 282 1690 t
304 1647 323 1688 a
339 1622 510 1688 Dardaniis
525 1623 690 1688 transcribi
704 1637 829 1709 sceptra
843 1624 984 1690 colonist

220 1647 363 1792 Redemi
377 1729 553 1814 conjugium
567 1739 598 1790 et
613 1727 758 1814 quaesitas
773 1728 919 1814 sanguine
934 1727 1023 1794 dotes

219 1831 371 1916 Abnegat,
386 1843 594 1913 externusque
609 1829 639 1892 iu
654 1849 783 1914 regnum
797 1833 947 1912 quaeritur
961 1831 1072 1897 hares.

219 1929 230 1994 l
244 1953 336 2013 nunc,
351 1933 477 2018 ingratis
492 1929 569 1995 oller
583 1945 625 2010 te,
639 1934 741 2010 irrise,
755 1930 899 2016 periclis:
1184 1947 1248 2005 425

218 2033 412 2122 Tyrrhenae,
427 2039 447 2115 i,
462 2047 566 2099 sterne
580 2034 682 2113 acies3
703 2045 773 2120 tege
787 2055 867 2119 pace
881 2034 1020 2100 Latinos.

217 2139 296 2204 Haec
312 2136 395 2204 aded
409 2137 465 2202 tibi
479 2159 539 2218 me,
552 2135 679 2223 placidi
693 2155 787 2220 quum
801 2149 892 2201 nocte
903 2140 1037 2224 jaceres,

216 2240 284 2326 lpsa
298 2240 405 2326 palam
418 2240 477 2304 lari
491 2243 683 2326 omnipotens
698 2239 841 2302 Saturnia
851 2240 953 2324 jussit.

218 2341 320 2424 Quare
336 2363 404 2428 age,
420 2353 450 2406 et
464 2344 580 2405 armari
594 2340 720 2426 pubem,
731 2342 890 2425 portisque
904 2345 1033 2422 moveri,

217 2443 320 2509 Laetus
335 2447 367 2509 in
383 2465 469 2508 arma
484 2465 579 2529 para3
600 2457 631 2506 et
643 2441 807 2528 Phrygios,
819 2445 873 2527 qui
884 2442 1007 2510 flumine
1021 2443 1154 2530 pulchro
1181 2454 1248 2516 430

217 2545 406 2626 Consedere,
420 2545 527 2626 duces,
541 2549 704 2632 pictasque
719 2566 815 2609 exure
829 2549 966 2611 carinas.

219 2649 388 2715 Coelestirm
402 2653 451 2714 vis
465 2667 577 2736 magna
587 2649 687 2735 jubet.
733 2647 804 2712 Rex
820 2648 885 2734 ipse
896 2650 1035 2730 Latinus,

26 2791 27 2800 κ
111 2789 116 2804 ·
216 2751 254 2816 Ni
268 2753 346 2818 dare
361 2753 546 2840 conjugium,
561 2767 592 2816 et
606 2751 691 2816 dicto
705 2773 818 2837 parere
833 2752 955 2834 latetur,

216 2857 342 2937 Sentiat,
356 2869 387 2920 et
402 2855 527 2920 tandem
541 2857 681 2920 Turnum
696 2856 876 2942 experiatur
889 2860 921 2921 in
937 2861 1041 2924 armis.

255 2960 322 3024 Hic
333 2959 466 3045 juvenis,
480 2971 584 3022 vatem
599 2957 742 3038 irridens,
757 2959 801 3022 sic
816 2979 887 3024 orsa
901 2962 1038 3028 vicissim
1180 2973 1243 3032 435

214 3061 275 3126 Ore
290 3062 407 3126 refert:
430 3059 557 3126 Classes
572 3065 712 3126 invectas
727 3062 881 3148 Tybridis
894 3063 1010 3129 undam

214 3165 292 3248 Non,
306 3179 340 3230 ut
354 3187 434 3244 rere,
448 3185 535 3230 meas
549 3163 654 3252 effugit
668 3165 789 3230 nuntius
804 3185 913 3247 aures3

212 3267 259 3333 Ne
274 3281 376 3334 tantos
391 3266 467 3334 mibi
481 3267 561 3354 finge
576 3281 694 3333 metus:
716 3289 773 3332 nec
788 3269 874 3354 regia
887 3269 969 3340 June

214 3371 376 3437 lmmemor
390 3383 437 3434 est
455 3375 562 3434 nestri.

212 3473 272 3537 Sed
288 3487 319 3538 te
333 3473 417 3538 victa
430 3473 488 3536 situ
503 3473 632 3557 verique
647 3471 749 3538 effoeta
764 3488 915 3554 senectus,

211 3577 362 3658 Omater,
377 3576 459 3640 curis
474 3575 684 3662 nequidquam
701 3592 838 3658 exercet,
852 3593 883 3642 et
898 3599 985 3643 arma

212 3675 330 3764 Regum
345 3681 428 3742 inter
441 3677 520 3742 salsa
533 3690 636 3742 vatem
650 3679 814 3744 formidine
829 3678 918 3744 ludit.

211 3781 292 3847 Cura
307 3783 377 3862 tibi,
391 3780 498 3846 diutim
513 3783 627 3870 effigies
642 3796 672 3846 et
686 3782 802 3868 templa
816 3783 915 3846 tueri:

213 3881 298 3950 Bella
313 3885 374 3950 viri
388 3903 561 3971 pacemque
576 3897 693 3970 gerent,
709 3887 797 3970 queis
811 3883 896 3948 bella
910 3885 1059 3972 gerenda.

250 3985 382 4052 Talibus
397 3985 520 4050 Allecto
535 3985 626 4052 dictis
641 3987 758 4050 exarsit
772 3987 803 4048 in
819 3986 892 4050 iras
1177 4001 1238 4060 445

211 4089 249 4150 At
258 4090 366 4175 juveni
380 4092 483 4154 oranti
498 4089 617 4154 subitus
631 4101 747 4154 memor
761 4101 894 4176 occupat
908 4101 1012 4172 artus,

208 4187 373 4278 Diriguere
387 4191 472 4256 oculi
483 4213 499 4255 :-
514 4205 557 4256 tot
572 4193 711 4278 Erinnys
725 4189 831 4258 sibilat
845 4191 967 4278 hydris,
