2978 5124
685 507 802 566 LIBER
822 507 873 566 lx.

281 666 456 753 Frangitur,
468 685 506 730 ac
522 665 594 730 fisso
608 667 720 730 transit
734 661 911 750 praecordia
924 663 1018 751 ligno.
1032 719 1033 726 ,

281 767 429 833 Volvitur
445 767 497 832 illc
513 789 639 832 vomens
653 766 792 832 calidum
807 767 847 832 de
862 781 991 855 pectore
1006 765 1119 832 flumen

281 869 435 958 Frigidus,
450 885 481 938 et
495 871 593 958 longis
608 871 791 957 singultibus
806 871 860 937 ilia
874 871 988 958 pulsat.
1253 875 1316 936 tlt

281 973 690 1061 Diversi-circumspiciunt.
736 975 811 1039 Hoc
827 975 929 1039 acrior
943 973 1028 1040 idem

283 1077 366 1142 Ecce
382 1076 467 1142 aliud
483 1075 603 1142 summd
616 1074 712 1141 telum
727 1073 866 1141 librabat
881 1077 923 1140 ab
937 1097 1031 1142 aure:

282 1178 366 1244 Dum
381 1180 549 1267 trepidant,
564 1181 598 1244 iit
612 1179 702 1244 hasta
718 1177 807 1268 Tago
822 1201 879 1265 per
895 1192 1014 1265 tempus
1028 1193 1202 1266 utrumque,

282 1283 433 1364 Stridens,
448 1285 640 1371 trajectoque
656 1284 745 1350 hesit
759 1283 917 1368 tepefacta
931 1283 1077 1350 cerebro.

282 1388 377 1452 Saevit
391 1402 484 1452 atrox
499 1387 664 1470 Volscens,
678 1409 737 1452 nec
752 1386 804 1452 teli
820 1386 972 1472 conspicit
986 1385 1128 1470 usquam
1255 1391 1318 1462 420

282 1492 461 1573 Auctorem,
475 1513 534 1556 nec
546 1491 608 1575 quo
622 1513 656 1556 se
672 1490 785 1556 ardens
800 1490 965 1556 immittere
980 1494 1097 1575 possit:

283 1593 333 1658 Tu
347 1607 451 1660 tamen
466 1595 583 1660 interea
598 1593 705 1660 calido
719 1593 797 1660 mihi
811 1597 960 1680 sanguine
975 1615 1085 1680 poenas

283 1697 446 1763 Persolves
462 1698 636 1778 amborum,
650 1697 760 1780 inquit.
807 1695 903 1761 Simul
918 1717 992 1760 ense
1007 1693 1131 1761 recluso

283 1801 353 1865 lbat
367 1804 398 1865 in
414 1801 601 1887 Euryalum.
645 1800 727 1866 Tum
743 1797 817 1864 vero
832 1801 1009 1879 exterritus,
1023 1821 1139 1878 amens,

281 1903 470 1970 Conclamat
486 1903 600 1983 Nisus;
622 1925 681 1968 nec
695 1925 729 1968 se
744 1901 851 1968 celare
866 1902 1004 1968 tenebris
1087 1945 1092 1954 -
1253 1903 1319 1967 495

281 2005 434 2094 Amphitr,
450 2021 502 2072 aut
517 2020 635 2072 tantum
649 2010 749 2093 potuit
763 2006 905 2094 perferre
920 2003 1077 2071 dolorem:

282 2111 347 2192 Mc,
361 2133 431 2192 me3
453 2110 563 2176 adsum
578 2113 632 2194 qui
647 2112 730 2190 leci3
752 2113 784 2174 in
800 2131 849 2174 mc
864 2112 1037 2174 convertite
1052 2110 1182 2191 serrum,

281 2215 312 2280 Ο
327 2214 433 2280 Rutuli
446 2241 455 2296 3
477 2235 547 2280 mea
562 2216 648 2280 fraus
662 2217 779 2279 omnis:
802 2212 878 2279 nihil
893 2214 950 2278 iste
965 2233 1023 2278 nec
1039 2232 1141 2294 ausus,

283 2315 352 2380 Nec
367 2317 464 2402 potuit
473 2315 491 2396 ς’
504 2315 618 2382 coelum
634 2316 693 2381 hoc
709 2329 740 2380 et
750 2317 880 2381 conscia
894 2313 1000 2380 sidera
1014 2326 1127 2379 testor:

282 2417 418 2484 Tantum
432 2419 589 2486 infelicem
603 2418 856 2485 nimidmdilexit
871 2421 1015 2484 amicum.
1259 2425 1321 2482 430

282 2522 378 2588 Talia
391 2522 476 2588 dicta
491 2523 610 2604 dabat;
632 2521 688 2588 sed
703 2523 822 2588 viribus
837 2526 920 2587 ensis
934 2521 1066 2588 adactus

280 2623 465 2690 Transabiit
480 2637 593 2705 costas,
609 2637 641 2688 et
653 2623 789 2690 candida
803 2637 933 2711 pectora
947 2623 1071 2710 rumpit.

281 2723 430 2791 Volvitur
444 2725 603 2812 Euryalus
618 2724 690 2806 loto,
705 2726 914 2812 pulchrosque
928 2747 986 2811 per
1001 2739 1086 2790 artus

281 2829 310 2892 lt
325 2851 427 2910 cruor,
442 2830 535 2916 inque
551 2829 697 2896 humeros
712 2833 822 2894 cervix
836 2829 976 2916 collapsa
989 2828 1160 2912 recumbit:

281 2931 462 3018 Purpureus
477 2932 573 2998 veluti
587 2955 681 3018 quum
696 2933 751 2996 llos
766 2937 905 2998 succisus
921 2943 1026 2998 aratro
1257 2939 1321 2999 435

281 3033 471 3120 Languescit
485 3039 639 3114 moriens;
661 3034 783 3100 lassove
797 3055 959 3120 papavera
973 3032 1055 3100 collo

281 3136 449 3202 Demisdre
462 3151 568 3224 caput,
582 3137 688 3224 pluvid
702 3160 796 3223 quum
810 3139 890 3203 fortia
904 3150 1084 3226 gravantur.

281 3243 325 3304 At
338 3240 432 3304 Nisus
446 3241 507 3306 ruit
521 3245 553 3306 in
567 3240 698 3320 medios,
711 3240 872 3328 solumque
886 3263 944 3329 per
957 3261 1064 3306 omnes

281 3341 486 3408 Volscentem
501 3343 630 3428 pctiuin
645 3341 713 3408 solo
727 3341 897 3408 Volscente
912 3356 1062 3434 moratur.

280 3445 384 3527 Quem
392 3445 511 3509 circum
519 3445 681 3530 glomerati
690 3444 794 3510 hostes
805 3446 877 3510 hinc
887 3445 1057 3512 comminus
1067 3458 1161 3530 atque
1170 3444 1242 3510 hinc
1255 3453 1317 3513 440

282 3547 489 3614 Proturbaut:
511 3549 604 3614 instat
618 3571 679 3614 non
693 3547 804 3632 accitis,
819 3570 857 3614 ac
871 3561 954 3614 rotat
969 3569 1074 3612 ensem

280 3655 498 3737 Fulmineum
518 3655 618 3722 donec
634 3655 742 3722 Rutuli
756 3655 918 3722 clamantis
933 3656 964 3718 in
979 3675 1032 3719 ore

280 3757 433 3823 Condidit
447 3757 592 3840 adverso,
606 3773 637 3824 ct
651 3763 786 3826 moriens
802 3763 936 3824 animam
951 3757 1080 3824 abstulit
1096 3755 1187 3824 hosti.

279 3860 363 3924 Tum
377 3881 472 3946 super
486 3863 663 3926 exanimum
677 3882 746 3926 sese
760 3860 893 3946 projecit
905 3863 1039 3926 amicum

278 3963 460 4044 confossus,
474 3963 661 4052 placidique
676 3965 720 4030 ibi
734 3963 858 4029 demum
872 3977 972 4030 morte
986 3963 1113 4050 quievit.
1251 3978 1314 4034 445

324 4065 485 4132 Fortunati
496 4068 601 4149 ambo,
615 4072 641 4132 si
657 4065 732 4153 quid
747 4088 818 4131 mea
832 4070 973 4134 emmina
987 4082 1123 4154 possunt,

280 4167 378 4238 Nulla
392 4167 461 4236 dies
474 4190 611 4255 mquam
626 4170 755 4240 memori
769 4191 824 4238 vos
839 4171 956 4238 eximet
969 4191 1047 4260 ενα,
