2992 5102
189 499 228 569 60

574 495 860 562 deoaetcotttut

232 647 304 716 Nee
319 669 369 714 res
384 649 466 714 huuc
480 661 592 714 tenere
608 665 733 736 possent
746 649 884 738 perferre
899 648 1047 733 laborem,

235 752 270 816 Si
285 774 345 818 non
357 768 438 817 tauta
454 756 541 839 quies
555 756 613 820 iret
625 755 779 840 frigusque
795 755 991 840 coloremque

234 857 327 939 luter,
344 873 375 921 et
390 859 548 946 exciperet
563 859 633 924 coeli
649 859 833 943 indulgentia
848 873 955 923 terras.
1195 859 1258 920 34³
1353 927 1356 941 ι

279 962 373 1039 Quod
389 980 538 1048 superest,
554 983 753 1050 quecumque
769 983 890 1046 premes
905 963 1032 1046 virgulta
1046 983 1101 1048 per
1116 979 1169 1044 egr
1182 982 1217 1039 ts,

236 1068 355 1152 Sparge
368 1067 440 1131 fimo
454 1069 569 1154 pingui,
586 1081 617 1131 et
631 1066 727 1131 multe
741 1085 859 1130 memor
872 1067 980 1130 occule
995 1064 1098 1130 terri:

236 1170 299 1235 Aut
315 1171 448 1256 lapidem
463 1170 610 1248 bibulum,
626 1183 678 1234 aut
693 1170 866 1256 squalentes
881 1169 984 1235 insede
999 1169 1132 1234 conchas
1141 1189 1152 1247 ;

236 1275 320 1341 luter
337 1277 418 1341 euim
435 1276 573 1340 labentur
589 1293 684 1361 aque,
701 1277 860 1359 tenuisque
876 1276 986 1339 subibit

237 1380 370 1458 Halitus,
388 1395 479 1466 atque
495 1382 612 1444 animos
627 1381 733 1444 tollent
748 1392 835 1442 seta:
852 1378 979 1463 jamque
995 1377 1108 1464 reperti
1197 1378 1261 1438 850
1329 1419 1340 1428 -

137 1545 147 1564 ,
237 1484 302 1561 Qui
318 1507 393 1550 saxo
409 1507 500 1570 super
516 1499 606 1570 atque
622 1483 751 1568 ingentis
765 1483 901 1568 pondere
917 1496 1000 1548 teste

237 1587 416 1674 Urgerant3
439 1590 498 1653 boe
514 1589 626 1653 effirson
640 1587 851 1650 munimen'ad
867 1587 1002 1662 imbres;

241 1695 325 1772 Hoc,
342 1695 392 1761 ubi
408 1695 510 1758 hiulca
525 1695 572 1758 siti
588 1694 674 1757 findit
688 1691 784 1756 Canis
800 1690 910 1756 aestisor
925 1713 1007 1756 arva.

283 1799 458 1866 Seminibus
472 1801 587 1884 positis,
604 1811 744 1884 superest
758 1798 915 1861 deducere
931 1811 1043 1861 terram

238 1903 356 1989 Sepibs
371 1904 411 1968 ed
426 1903 537 1988 capita,
553 1903 585 1967 et
599 1902 691 1966 duros
701 1901 819 1987 jactare
831 1900 971 1965 bidentes
983 1921 993 1978 ς
1197 1900 1264 1961 355·

237 2009 302 2073 Aut
312 2003 419 2094 presso
434 2029 583 2074 exercere
599 2009 697 2072 solum
712 2007 767 2070 sub
783 2025 918 2084 vomere,
934 2007 1045 2089 etipsa

238 2114 384 2180 Flectere
396 2116 544 2180 luctantes
560 2115 636 2180 iuter
652 2113 753 2176 vineta
763 2109 935 2196 juvencos:

238 2218 323 2284 Tum
338 2221 423 2286 leves
438 2215 583 2298 calamos,
597 2218 631 2283 ¹et
645 2237 719 2282 rese
735 2217 852 2282 hastilia
865 2217 968 2300 virgas,

239 2324 471 2409 Fraxineasque
487 2339 591 2408 aptare
607 2324 711 2401 sudes,
727 2322 887 2406 luteosque
902 2321 1053 2399 bicornes,

238 2427 364 2493 Viribus
379 2429 450 2492 eniti
467 2449 606 2512 quarum,
622 2441 654 2490 et
668 2441 866 2492 contemnere
881 2439 989 2490 sentos
1129 2467 1134 2477 ·
1191 2428 1263 2489 ⁰860

238 2535 437 2608 Assuescant,
453 2551 647 2615 summasque
660 2531 746 2616 sequi
762 2531 895 2596 tabulata
909 2551 965 2616 per
980 2533 1088 2596 ulmos.

283 2637 343 2711 Ac,
359 2636 432 2699 dum
448 2635 545 2720 prima
559 2634 645 2698 novis
660 2633 807 2699 adolescit
823 2633 980 2699 frondibus
994 2647 1076 2713 aetas,

239 2739 436 2805 Parcendum
451 2739 586 2805 teneris:
609 2753 640 2803 et
653 2739 728 2803 dum
743 2759 776 2804 se
792 2738 877 2803 letus
892 2739 930 2804 ad
943 2759 1031 2803 auras

239 2843 365 2909 Palmes
380 2845 451 2928 egit,
466 2844 544 2908 laxis
559 2863 614 2928 per
628 2863 738 2928 purum
753 2843 906 2908 immissus
920 2843 1056 2920 habenis,

240 2945 312 3033 lpsa
327 2947 393 3012 acie
409 2947 543 3011 noudum
559 2944 645 3012 lalcis
659 2946 826 3027 tentanda;
849 2947 904 3010 sed
920 2947 1006 3011 uncis
1201 2951 1263 3013 365

241 3050 415 3138 Carpende
429 3051 567 3115 manibus
582 3049 717 3130 frondes,
733 3051 872 3136 interque
888 3051 1036 3137 legende.

239 3155 316 3221 lude
333 3157 383 3220 ubi
394 3155 459 3242 jam
474 3155 581 3220 validis
597 3158 745 3242 amplexe
761 3157 904 3242 stirpibus
919 3157 1017 3221 ulmos

243 3261 396 3339 Exierint,
412 3272 477 3323 tum
492 3261 603 3346 stringe
619 3281 734 3339 comas,
748 3275 813 3325 tum
829 3261 952 3326 brachia
963 3261 1076 3342 tonde;

168 3425 170 3432 r
242 3365 324 3431 Ante
340 3363 537 3430 reformidant
548 3361 660 3428 serrum
676 3387 684 3426 ε
706 3378 771 3446 tum
787 3366 918 3452 denique
934 3365 1012 3430 dura

246 3469 374 3536 Exerce
390 3469 528 3554 imperia,
544 3484 575 3533 et
589 3491 690 3535 ramos
701 3491 866 3557 compesce
881 3469 1022 3536 fluentes.
1203 3475 1266 3536 eta

283 3573 443 3640 Texeudae
460 3595 550 3660 sepes
565 3575 668 3653 etiam,
685 3591 717 3640 et
730 3595 828 3661 pecus
843 3577 1128 3655 omneteneudum,

243 3682 403 3767 Praecipue
420 3682 493 3747 dum
509 3681 590 3747 frons
605 3696 711 3748 tenere
726 3686 964 3771 imprudensque
979 3684 1136 3748 laborum:

242 3785 315 3864 Cui,
332 3809 423 3872 super
439 3788 576 3872 indiguas
592 3788 719 3869 hiemes,
736 3791 893 3874 solemque
905 3801 1070 3873 potantem,

244 3891 406 3956 Silvestres
421 3893 467 3956 uri
483 3891 602 3958 aniene
614 3913 793 3980 capreasque
808 3911 958 3978 sequaces

241 3996 398 4072 llludunt;
421 4012 585 4082 pascuntur
600 4019 685 4076 ores,
701 3999 857 4082 avideque
868 3997 1019 4084 juvence.
1202 4005 1266 4065 ets

239 4099 368 4185 Frigora
383 4121 441 4164 nec
459 4102 576 4166 tautdm
592 4101 671 4168 eme
685 4113 830 4168 concreta
845 4101 963 4186 pruiub,
984 4171 985 4176 γ

244 4203 309 4276 alut
323 4204 423 4290 gravis
437 4204 618 4271 incumbens
633 4207 765 4293 seopulis
779 4205 935 4274 arentibus
947 4217 1044 4284 esua
