2992 5102
196 447 228 504 16

580 443 860 506 uucoucotttm

281 607 473 676 Exstinctum
489 607 640 696 Nympho
656 613 773 676 crudeli
788 612 895 676 sunere
906 611 1052 700 Daphnin
1211 621 1256 679 20

237 709 390 778 Flebant:
412 735 476 792 vos,
491 713 597 796 coryli,
612 728 718 793 testes,
733 729 766 780 et
780 717 914 795 domins,
930 716 1094 804 Nymphis,

237 817 354 896 Quum,
370 817 532 901 complexo
546 819 591 882 sui
606 839 717 904 corpus
732 820 905 884 misershiie
920 821 992 899 usti,

235 921 338 1008 Atque
354 922 429 986 deos
443 937 533 1007 atque
550 937 629 986 ostra
643 938 732 988 vocnt
747 925 883 988 crudelia
897 939 1004 990 mua.

236 1030 310 1096 Nou
325 1030 377 1094 ulli
391 1045 493 1115 pistos
505 1031 562 1095 illis
577 1031 670 1116 egdre
684 1032 793 1097 diebus

237 1135 372 1222 Frigido,
388 1135 524 1222 Daphni,
535 1138 629 1202 boses
644 1139 683 1202 ed
698 1137 822 1207 domins
831 1162 842 1220 ;
863 1139 945 1202 nulla
960 1159 1059 1224 neque
1075 1159 1196 1204 ornnem
1211 1143 1254 1200 25

236 1239 360 1306 Lihnrit
374 1243 557 1326 quadrupes,
572 1261 631 1305 nec
646 1242 787 1326 geminis
802 1243 897 1326 attigit
910 1243 1048 1308 herbam.

236 1345 372 1432 Daphni,
386 1362 471 1411 tuum
487 1346 602 1412 Poenos
616 1347 708 1410 etism
723 1347 905 1430 ingemuisse
921 1347 1027 1410 leones

236 1449 392 1516 interitum
407 1465 585 1534 montesque
601 1447 655 1512 seri
671 1450 811 1532 silveque
827 1449 999 1534 loquuntur.

237 1555 376 1641 Daphnis
391 1569 422 1620 et
437 1556 597 1618 Armenius
612 1575 703 1618 curru
720 1555 901 1641 subjungere
916 1556 1008 1639 tigres

236 1660 374 1738 Instituit,
389 1658 528 1744 Daphnis
543 1659 654 1722 thiasos
669 1658 814 1722 inducere
831 1655 969 1736 thcho,
1211 1663 1254 1722 30
1394 1661 1398 1668 ‘

237 1763 281 1830 Et
295 1765 373 1831 foliis
387 1765 483 1828 lentos
499 1764 635 1827 intexere
647 1761 786 1825 mollibus
801 1763 913 1826 hostns.

236 1869 314 1934 Vitis
329 1882 361 1932 ut
376 1865 531 1930 arboribus
540 1865 644 1929 decori
660 1879 716 1942 est,
732 1879 765 1928 ut
779 1866 889 1928 ritibus
904 1887 979 1942 uve,

235 1973 279 2038 Ut
294 1973 435 2059 gregibus
450 1971 537 2046 tauri,
553 1983 673 2053 segetes
688 1983 721 2034 ut
738 1970 895 2054 pinguibus
911 1971 1012 2050 arris3

235 2076 287 2144 Tu
303 2079 399 2143 decus
414 2097 504 2140 omno
519 2075 589 2139 tuis.
635 2073 801 2159 Postquam
816 2089 847 2139 te
863 2075 925 2140 fau
939 2075 1081 2153 tulerunt,

236 2183 307 2270 ipsu
325 2181 418 2247 Pales
434 2201 533 2266 egros,
549 2193 639 2264 atquo
656 2179 720 2263 ipse
736 2178 856 2263 reliquit
870 2180 1001 2265 Apollo:
1213 2185 1255 2243 35

237 2288 371 2353 Grandis
388 2285 467 2372 sepe
483 2286 591 2370 quibus
607 2283 815 2348 mundovimus
830 2285 946 2355 hordeo
961 2285 1052 2350 sulcis

236 2391 346 2456 infelix
361 2388 462 2454 lolium
480 2403 511 2452 et
526 2387 642 2451 steriles
658 2399 822 2450 nuscuntur
837 2408 961 2468 avenae3

205 2536 207 2547 ·
238 2494 300 2560 Pro
316 2493 397 2558 rnolli
419 2489 509 2566 violi,
525 2511 580 2576 pro
595 2511 748 2576 purpureo
763 2492 907 2567 narcisso,

237 2597 379 2664 Carduus
395 2611 426 2662 et
440 2597 533 2682 spinis
547 2596 641 2679 surgit
655 2593 788 2679 paliurus
804 2595 908 2659 scutis.

281 2703 420 2788 Spargite
435 2702 561 2765 humum
577 2699 664 2774 soliis,
681 2701 812 2763 inducite
829 2697 957 2762 sontibus
973 2698 1104 2778 umbras,
1212 2707 1256 2764 to

237 2813 381 2880 Pastores
395 2834 405 2890 ;
428 2810 550 2875 mandat
564 2809 629 2874 fieri
645 2808 701 2874 sibi
715 2810 785 2874 talin
799 2807 951 2893 Daphnis.

237 2921 280 2986 Et
295 2919 441 2983 tumulum
459 2915 559 2995 facite,
575 2931 607 2980 et
620 2915 736 2979 tumulo
751 2915 945 3010 superaddite
961 2937 1104 2981 carmen:

253 3049 405 3088 nurum
421 3049 485 3086 :oo
502 3048 537 3082 rr
550 3045 665 3084 srnvrs
681 3045 764 3082 aruc
781 3044 891 3080 vsouu
907 3043 950 3080 nu
966 3043 1098 3082 erum
1114 3046 1226 3091 sorve

253 3118 406 3199 ποιησει
422 3122 567 3160 mous
583 3121 711 3164 cuseos,
728 3121 929 3157 ronuosrort
945 3120 1027 3157 rm.

632 3224 820 3268 usuuncus.
980 3272 990 3288 ‚

238 3314 318 3381 Tale
332 3325 416 3378 tuum
433 3330 556 3376 carmen
571 3309 667 3386 nobis,
683 3308 783 3371 divine
798 3307 899 3392 po‘e'ts,
982 3293 986 3303 ⁸
1214 3311 1256 3369 45

239 3418 342 3496 Quale
358 3435 448 3502 sopor
464 3413 550 3479 sessis
564 3414 594 3477 iu
610 3414 756 3499 gramine,
773 3412 862 3496 quale
878 3421 933 3496 per
949 3423 1054 3476 sstuur

240 3523 348 3591 Dulcis
364 3541 447 3608 eque
464 3519 587 3585 saliente
603 3521 680 3584 sitim
697 3519 882 3602 restinguere
897 3517 985 3580 rivo:

241 3631 311 3698 Nec
327 3627 451 3692 columis
466 3624 562 3690 solium
578 3625 755 3710 nquiparss,
771 3622 825 3686 sed
840 3640 927 3698 voce,
944 3621 1116 3704 magistrum
1130 3643 1140 3700 3

241 3733 407 3800 Fortunate
425 3751 509 3818 puer,
524 3743 555 3796 tu
571 3751 651 3796 nunc
667 3731 726 3795 eris
742 3729 818 3793 nlter
833 3727 870 3790 nb
886 3725 947 3790 illo.

242 3837 309 3904 Nos
323 3853 426 3903 umen
440 3837 506 3902 hec
522 3855 714 3922 quocumque
730 3832 821 3897 modo
836 3830 889 3896 tihi
900 3843 1000 3894 nostro
1015 3829 1147 3895 vicissim
1215 3835 1257 3892 50

241 3943 401 4020 Dicemus,
416 3937 619 4025 Daphnisque
634 3953 719 4004 tuum
731 3935 870 4000 tollemus
885 3934 924 3998 sd
940 3945 1041 4012 rstrrr

243 4046 387 4134 Daphnin
400 4043 439 4108 nd
455 4057 534 4107 astru
549 4041 701 4108 feremus:
725 4037 835 4106 amovit
849 4057 904 4102 nos
919 4055 1038 4122 quoque
1054 4035 1204 4122 Daphnis.
