2914 5130
607 569 610 574 ,
640 501 757 566 maun
777 503 812 566 V.

229 665 261 730 0
272 665 403 746 mherae,
418 683 498 751 quas
512 683 573 730 non
587 683 707 746 manus,
721 669 832 751 inquit,
846 665 990 732 Achaica
1005 665 1089 732 bello

195 775 204 814 ¹
226 768 377 834 Traxerit
392 767 434 833 ad
449 767 554 848 letum,
568 771 679 854 patria
695 770 754 833 sub
768 772 943 836 moenibus!
965 793 985 836 o
999 791 1075 858 gens

226 871 349 952 Infelix,
363 875 417 936 cui
431 884 463 936 te
479 873 577 936 exitio
592 872 713 953 fortuna
726 875 886 938 reservat!
1203 877 1264 936 62⁵

33 977 41 1047 l
228 975 365 1062 Septima
378 989 451 1062 post
466 975 571 1062 Trojae
588 974 748 1040 excidium
758 975 825 1062 jam
839 979 973 1040 vertitur
987 987 1089 1056 aestas,

226 1077 327 1162 Quum
342 1081 435 1161 freta,
449 1099 545 1164 quum
559 1090 660 1143 terras
675 1099 794 1158 omnes,
809 1089 853 1142 tot
867 1077 1022 1164 inhospita
1037 1067 1126 1156 sara,

225 1181 412 1268 Sideraque,
427 1201 561 1246 emensa
576 1181 727 1260 ferimur;
748 1179 822 1246 dum
835 1203 894 1266 per
908 1203 994 1246 mare
1008 1201 1155 1268 magnum

224 1283 348 1350 ltaliam
363 1285 523 1370 sequimur
537 1284 715 1370 fugientem,
730 1296 762 1346 et
775 1281 930 1348 volvimur
947 1281 1050 1348 undis.

222 1387 291 1454 Hic
306 1389 425 1474 Erycis
440 1387 518 1452 fines
532 1388 672 1467 fraterni,
687 1398 781 1472 atque
797 1386 911 1474 hospes
926 1389 1075 1452 Acestes:
1193 1389 1262 1450 680

223 1491 308 1574 Quid
322 1492 471 1578 prohibet
485 1513 590 1556 muros
599 1492 721 1577 jacere,
736 1504 767 1555 et
781 1489 859 1556 dare
874 1492 998 1556 civibus
1012 1492 1147 1555 urbemi

222 1593 254 1659 Ο
266 1598 391 1680 patria!
415 1609 446 1659 et
459 1595 542 1681 rapti
556 1593 768 1680 nequidquam
783 1617 824 1660 ex
840 1595 928 1660 hoste
944 1595 1093 1661 Penates!

222 1693 360 1760 Nullane
369 1697 438 1783 jam
452 1697 558 1784 Trojae
572 1695 717 1761 dicentur
732 1700 868 1762 moeniai
889 1717 1042 1782 nusquam

221 1797 403 1864 Hectoreos
417 1820 536 1880 amnes,
550 1798 711 1864 Xanthum
726 1813 757 1864 et
772 1801 941 1882 Simointa,
955 1798 1072 1864 videbo
1086 1802 1099 1863 f

218 1901 305 1984 Quin
321 1897 415 1988 ag'te,
430 1914 461 1965 et
476 1923 598 1966 mecum
612 1903 763 1968 infaustas
778 1906 899 1968 exurite
913 1919 1047 1990 puppest
1197 1907 1259 1966 635

219 2002 304 2070 Nam
319 2004 398 2070 mihi
413 2003 600 2070 Cassandro
614 2026 673 2091 per
687 2026 829 2070 somnum
842 2008 924 2070 vatis
943 2007 1048 2092 imago

220 2107 379 2174 Ardentes
393 2106 472 2172 dare
486 2109 554 2172 visa
568 2107 675 2172 faceat
699 2107 765 2172 Hic
782 2111 912 2198 quaerite
928 2107 1068 2194 Trojam,

219 2209 289 2276 nte
304 2209 415 2276 domus
430 2223 486 2292 est,
500 2213 611 2296 inquit,
626 2210 728 2275 vobis.
772 2211 845 2274 lam
860 2222 981 2296 tempus
996 2211 1048 2295 agi
1062 2229 1131 2288 res,

220 2312 289 2378 Nec
306 2315 400 2377 tanus
415 2332 504 2378 mora
518 2309 691 2398 prodigiis:
714 2333 754 2376 en
769 2323 902 2398 quatuor
917 2331 980 2374 arae

167 2489 170 2495 .
218 2415 388 2501 Neptun03
410 2411 488 2479 deus
503 2417 571 2502 ipse
585 2415 672 2480 feces
688 2418 887 2500 animumque
902 2416 1065 2480 ministrat.
1195 2417 1257 2476 sto
1299 2392 1303 2418 ¹

262 2519 346 2584 Haec
361 2541 548 2600 memorans,
562 2520 663 2605 prima
677 2520 831 2586 infensum
845 2521 877 2584 vi
891 2521 1022 2605 corripit
1036 2513 1158 2606 ignem

1227 2277 1342 2384 t

218 2621 412 2710 sublataque
427 2620 537 2709 procul
553 2619 665 2688 dextra
680 2626 817 2688 connixa
831 2636 985 2703 coruscat,

216 2725 260 2792 Et
269 2728 362 2814 jacit.
405 2731 548 2792 Arrectte
563 2742 682 2794 mentes
696 2728 932 2814 stupefactaque
947 2725 1045 2792 corda

218 2827 364 2895 iliadum.
409 2829 476 2894 Hic
492 2849 553 2894 una
568 2851 586 2893 e
601 2830 713 2910 mulus,
728 2851 798 2914 qum
813 2834 951 2896 maxima
964 2844 1049 2912 natu,

216 2931 336 3020 Pyrgo,
349 2945 395 2996 tot
411 2931 528 2996 Priami
543 2945 686 2998 natorum
700 2937 788 3019 regia
802 2935 926 3000 nutrix:
1192 2939 1254 2998 645

216 3035 289 3100 Non
305 3035 410 3100 Beroe
425 3035 526 3116 vobis,
540 3057 602 3102 non
618 3035 685 3100 haec
703 3035 861 3117 Rhoeteia,
876 3049 1001 3120 matres,

215 3137 273 3202 Est
287 3135 425 3224 Dorycli
440 3138 574 3224 conjux:
597 3137 697 3204 divini
712 3143 800 3226 signa
815 3138 940 3206 decoris

216 3241 437 3327 Ardentesque
451 3255 556 3312 notate
571 3242 698 3324 oculos3
721 3243 774 3327 qui
788 3244 914 3330 spiritus
929 3243 984 3325 illi,

214 3345 278 3428 Qui
292 3343 405 3426 vultus,
419 3349 546 3410 vocisve
561 3367 663 3428 sonus,
678 3345 728 3410 vel
742 3367 866 3434 gressus
880 3351 975 3412 eunti.

216 3449 289 3535 lpas
304 3463 428 3536 egomet
442 3447 559 3516 dudum
576 3449 700 3516 Beroen
715 3447 855 3536 digressa
870 3450 983 3537 reliqui
1190 3454 1253 3514 650

217 3549 354 3640 Egram,
367 3549 581 3638 indignantem
595 3551 650 3616 tali
665 3551 749 3637 qnod
764 3553 831 3618 sola
845 3565 970 3618 careret

215 3653 358 3736 Munere,
373 3675 433 3720 nec
447 3658 575 3722 meritos
588 3655 735 3722 Anchisa
750 3657 879 3722 inferret
893 3656 1038 3722 honorae.

214 3757 297 3822 Haeo
313 3755 419 3823 effata.
791 3840 794 3846 Ι

212 3863 255 3924 At
269 3873 397 3940 matres,
411 3859 515 3946 primd
528 3864 691 3948 ancipites,
705 3861 866 3948 oculisque
880 3861 1025 3949 malignis

213 3963 390 4050 Ambiguae,
404 3976 549 4048 spectare
563 3977 657 4046 rates,
672 3967 819 4030 mnarum
833 3965 914 4028 inter
928 3985 1067 4032 amorem
1188 3975 1249 4032 655

215 4065 382 4130 Praesentis
398 4078 502 4146 terrae,
515 4065 650 4154 fatisque
665 4066 811 4132 vocantia
826 4087 943 4154 regna;
1043 4048 1046 4059 ⁵

211 4165 314 4248 Quum
329 4166 392 4232 dea
407 4189 443 4234 se
455 4169 585 4252 paribus
598 4191 658 4256 per
671 4168 785 4236 coelum
798 4167 920 4236 sustulit
934 4167 1001 4252 alis,

515 4277 555 4333 ⁶2¹1
