2914 5130
621 460 806 552 maan'vn
1198 499 1253 558 aar

222 653 388 744 Ingemuit3
406 649 636 736 Glaucumque,
650 649 873 736 Medontaque,
887 647 1198 740 Thersilochumque,

222 759 298 825 Tres
313 754 531 835 Antenoridas,
546 755 720 840 Cererique
735 776 859 820 sacrum
875 755 1094 843 Polyphoeten,

219 862 396 948 ldaeumque
412 863 507 924 etiam
521 880 641 938 currus,
655 858 749 929 etiam
763 880 862 938 mma,
876 871 1043 927 tenentem.
1195 869 1256 926 485

222 965 429 1030 Circumstant
444 962 554 1026 animae
569 959 683 1026 dextra
697 959 838 1046 levique
853 961 1043 1048 frequentes.

224 1069 285 1134 Nec
301 1067 417 1134 vidisse
432 1065 528 1144 semel
542 1067 618 1130 satis
633 1079 699 1128 est:
717 1066 808 1150 juvat
822 1085 920 1150 usque
934 1068 1061 1148 morari,

223 1172 258 1238 Et
272 1173 417 1236 conferre
431 1168 572 1256 gadum,
587 1181 618 1232 et
632 1167 777 1232 veniendi
789 1166 912 1234 discere
926 1191 1049 1236 causas.

222 1279 259 1340 At
272 1275 419 1340 Danatim
433 1293 590 1360 proceres,
605 1275 922 1358 Agamemnoniaeque
937 1274 1114 1364 phalanges

223 1376 262 1444 Ut
276 1377 387 1443 vidire
402 1378 502 1442 virum
516 1374 727 1461 fulgentiaque
742 1393 831 1440 arm
844 1396 903 1462 per
916 1379 1052 1460 umbrae,
1193 1389 1255 1448 490

223 1480 338 1568 lugenti
351 1478 512 1566 trepidare
527 1491 631 1543 metus
653 1499 727 1564 pars
742 1491 864 1544 vertere
879 1491 976 1567 terga,

221 1581 286 1646 Ceu
301 1580 459 1668 quondam
473 1579 595 1666 petiere
608 1591 712 1646 rates:
734 1601 809 1665 pars
824 1579 933 1648 tollere
948 1605 1057 1650 vocem

222 1684 393 1772 Exiguam
414 1685 555 1770 inceptus
569 1680 688 1747 clamor
701 1683 867 1748 frustretur
881 1685 1013 1752 hiantes.

260 1791 364 1874 Atque
379 1787 432 1854 bic
448 1785 627 1853 Priamiden
643 1785 790 1850 laniatum
804 1809 936 1874 corpore
951 1803 1015 1856 toto

210 1888 420 1977 ‘Deiphobum
434 1889 522 1971 vidit,
536 1889 675 1956 lacerum
688 1888 858 1956 crudeliter
871 1915 937 1974 ora,
1194 1907 1254 1964 495

211 1992 293 2074 .0ra,
307 2013 478 2078 manusque
493 1993 613 2071 ambas,
627 1990 837 2078 populataque
852 2007 994 2082 tempera
1008 2001 1105 2085 raptis
1209 2055 1212 2062 .

221 2097 364 2178 Auribus,
378 2111 408 2162 et
423 2110 548 2162 tnmcaa
563 2095 725 2161 inhonesto
741 2095 868 2164 vuhrere
881 2119 986 2167 nares.

222 2196 283 2262 Vix
300 2197 381 2263 adcd
396 2201 521 2286 agnovit
535 2199 736 2284 pavitantem,
750 2214 782 2262 et
796 2197 866 2264 dira
881 2215 1035 2288 tegentem

222 2299 399 2385 Supplicia3
420 2313 453 2364 et
467 2302 547 2364 netis
561 2299 730 2386 compellat
742 2301 874 2366 vocibus
888 2303 991 2368 ultroz

221 2399 388 2488 Deiphobe
403 2404 602 2487 armipotens,
616 2423 713 2487 genus
729 2401 792 2467 alto
808 2423 827 2466 a
842 2405 990 2490 sangtriqe
1005 2405 1132 2490 Teucri,
1195 2419 1257 2478 ⁵00

220 2503 295 2586 Quis
311 2517 374 2568 tam
388 2503 532 2568 crudeles
544 2503 664 2588 optavit
677 2525 798 2570 sumere
813 2511 945 2590 poenas?

221 2607 281 2670 Cui
295 2605 413 2674 tannim
428 2606 468 2671 de
484 2621 514 2672 tc
529 2605 639 2670 licuitl
661 2606 742 2671 Mihi
756 2608 840 2673 lama
858 2610 1004 2696 supremi

221 2708 319 2774 Nocte
333 2709 412 2788 tulit,
426 2711 542 2774 sessum
557 2707 647 2774 vasti
661 2722 691 2774 te
705 2709 794 2774 caede
812 2711 973 2798 Pelasgtim

223 2812 428 2878 Procubuisse
443 2835 537 2900 super
552 2813 688 2878 consusae
704 2813 816 2900 stragis
831 2835 989 2882 acervum.

220 2916 309 2982 Tunc
324 2930 446 3004 egomet
460 2916 609 2982 tumulum
627 2914 762 2982 Rhoeteo
778 2919 808 2984 in
823 2916 927 2984 littere
942 2922 1063 3002 manem
1194 2938 1255 2994 ⁵05

220 3019 383 3100 Constitui,
397 3033 428 3083 et
442 3019 554 3106 magni
568 3019 679 3084 Manes
695 3031 743 3086 ter
757 3041 836 3086 voce
850 3024 972 3088 vocavi.

220 3123 340 3188 Nomen
357 3135 387 3187 et
402 3143 489 3188 arma
504 3123 607 3188 locum
622 3137 760 3188 servant.
804 3123 861 3206 Te,
877 3130 987 3208 amice,
1001 3133 1128 3216 nequivi

221 3225 422 3313 Conspicere,
436 3240 467 3290 et
480 3225 584 3311 patriai
598 3224 757 3293 decedens
776 3248 892 3313 ponere
907 3231 1002 3296 terri.

221 3329 269 3393 Ad
285 3351 356 3416 quae
372 3329 440 3394 haec
456 3330 646 3395 Priatmides:
669 3329 791 3394 Nihilo
806 3331 873 3412 tibi,
887 3337 999 3414 amice,
1013 3335 1172 3418 relictum

220 3432 333 3499 Omnia
349 3433 519 3520 Deiphobo
533 3433 652 3499 solvisti
666 3446 697 3498 et
710 3434 827 3500 luneds
842 3437 979 3502 umbris:
1195 3452 1257 3511 510
1298 3463 1306 3474 ¹

222 3537 282 3602 Sed
297 3561 346 3602 mc
362 3539 425 3604 fata
440 3560 511 3604 mea
525 3551 558 3602 et
571 3538 672 3602 scelus
687 3538 812 3608 exitiale
826 3537 973 3604 Lacaenae

221 3639 282 3706 llis
298 3641 436 3708 mersere
452 3641 562 3722 malis,
584 3640 637 3706 illa
653 3641 720 3707 haec
735 3657 934 3707 monumenta
949 3642 1086 3728 reliquit.

221 3741 364 3832 Namque
379 3758 412 3810 ut
425 3767 602 3832 supremam
617 3743 696 3810 salsa
711 3746 791 3810 inter
804 3744 920 3830 gaudia
935 3757 1057 3814 noctem

222 3845 498 3934 Egerimusntisti3
520 3861 551 3914 et
565 3846 693 3916 nimium
708 3848 885 3914 meminisse
900 3869 1028 3918 necesse
1042 3865 1100 3918 est.

220 3949 438 4031 Quumlatalis
452 3975 552 4038 mnus
566 3953 645 4020 saltu
660 3973 754 4038 super
769 3949 968 4018 arduavenit
1194 3972 1255 4030 515

222 4049 381 4141 Pergama,
396 4069 427 4120 et
441 4070 594 4124 armatum
607 4055 746 4144 peditem
759 4055 864 4142 gravis
879 4055 980 4122 attulit
994 4058 1085 4140 alvo;

221 4152 286 4238 llla,
299 4157 431 4228 chorum
444 4158 602 4240 siauulaas,
615 4173 743 4228 evantes
756 4161 845 4244 orgia
858 4161 978 4230 circum

303 4355 318 4380 ν

304 4389 330 4436 ‘i
343 4424 351 4444 ·.
