2956 5132
171 551 228 608 ru
492 497 494 504 Α
609 543 797 606 munos

215 693 375 782 Sperastit
396 705 575 778 tantumque
589 695 675 759 nefas
689 694 789 780 patrio
804 691 922 759 excidit
936 699 1012 760 orei

215 799 249 862 Si
260 797 338 862 nihil
352 819 392 861 ex
403 797 488 862 tantti
502 798 622 882 superis
632 796 737 883 placet
750 797 829 861 urbe
843 795 986 882 relinqui,

213 899 255 966 Et
270 900 357 965 sedet
372 900 431 964 hoc
447 903 560 979 animo,
574 901 782 985 perituraque
797 900 915 965 addere
929 901 1035 987 Trojae
1159 929 1161 936 ·
1179 905 1240 965 660

214 1003 324 1088 Teque
339 1017 469 1087 tuosque
479 1005 587 1089 juvat3
607 1015 692 1088 patet
706 1003 757 1066 isti
766 1005 863 1090 janua
877 1003 957 1068 leto:

214 1108 347 1193 Jamque
363 1105 464 1172 aderit
478 1106 572 1170 multo
588 1105 703 1170 Priami
717 1105 761 1172 de
772 1112 921 1194 sanguine
936 1107 1086 1194 Pyrrhus,

215 1209 329 1276 Natum
341 1224 411 1276 ante
426 1231 483 1275 ora
497 1211 604 1296 patris,
618 1222 740 1294 patrem
755 1213 808 1294 qui
824 1211 989 1276 obtruncat
1004 1210 1044 1275 ad
1059 1231 1140 1275 aras.

215 1313 290 1378 Hoc
306 1329 382 1395 erat,
397 1313 479 1379 alma
493 1333 615 1398 parens,
631 1311 715 1397 qudd
730 1333 779 1376 me
793 1334 851 1398 per
865 1311 937 1392 tela,
952 1336 1009 1400 per
1023 1317 1110 1402 ignes

173 1463 177 1472 -
214 1417 330 1503 Eripis,
344 1429 377 1482 ut
391 1416 502 1490 mediis
517 1416 636 1481 hostem
651 1419 683 1480 in
697 1415 917 1500 penetralibus,
931 1428 1025 1501 utque
1178 1421 1239 1480 665

215 1522 393 1600 Ascanium,
408 1533 589 1606 patremque
603 1541 715 1598 meum,
726 1519 876 1605 juxtaque
890 1519 1051 1600 Creiisam,

214 1621 355 1688 Alterum
369 1625 400 1686 in
416 1621 543 1686 alterius
556 1634 706 1685 mactatos
721 1625 867 1707 sanguine
881 1627 1030 1686 cernaml
1065 1679 1070 1694 ,

214 1729 320 1807 Arma,
334 1727 404 1806 viri,
418 1726 496 1790 ferte
511 1745 615 1790 arma:
638 1739 729 1788 vocat
745 1724 797 1789 lux
812 1726 919 1790 ultima
934 1729 1043 1790 victos.

215 1827 353 1894 Reddite
368 1851 418 1894 me
432 1827 562 1909 Danais,
576 1829 666 1893 sinite
682 1832 851 1894 instaurata
866 1833 1002 1893 revisam

216 1933 351 1998 Proelia:
374 1953 530 2017 nunquam
545 1951 650 1996 omnes
666 1929 759 1995 hodie
774 1933 943 1994 moriemur
958 1930 1057 1995 inulti.
1172 1937 1240 1996 sto

257 2035 344 2100 Hinc
359 2035 442 2100 ferro
457 2037 604 2120 accingor
617 2055 732 2114 rursus,
746 2030 924 2120 clypeoque
935 2037 1089 2098 sinistram
1167 2031 1170 2038 ’

215 2138 407 2204 insertabam
418 2151 537 2224 aptans,
552 2157 662 2222 meque
677 2150 768 2201 extra
782 2151 864 2201 tecta
878 2137 1030 2202 ferebam.

214 2241 300 2308 Ecce
311 2256 412 2307 autem
427 2241 592 2327 complexa
606 2239 703 2326 pedes
719 2243 750 2304 in
765 2239 869 2304 limine
885 2243 998 2327 conjux

215 2347 379 2426 Haerebat,
393 2367 586 2432 parvumque
601 2347 683 2430 patri
694 2343 843 2408 tendebat
858 2343 974 2409 liilurn:

133 2517 134 2520 ,
215 2449 247 2512 Si
261 2449 415 2534 periturus
430 2447 508 2526 abis,
522 2460 553 2510 et
567 2468 623 2512 nos
638 2467 715 2531 rape
729 2449 761 2511 in
777 2447 880 2510 omnia
895 2458 1017 2525 tecum3

214 2553 268 2615 Sin
284 2550 419 2636 aliquam
434 2557 581 2636 expertus
595 2549 723 2634 sumptis
738 2570 825 2634 spem
839 2553 929 2634 ponis
944 2553 975 2614 in
990 2551 1092 2628 armis,

214 2654 310 2718 Hanc
324 2650 458 2738 primirm
473 2664 573 2716 tutare
587 2650 733 2715 domum:
756 2656 808 2716 cui
822 2673 939 2738 parvus
953 2650 1043 2730 liilus,

214 2753 274 2817 Cui
286 2768 385 2840 pater,
400 2766 431 2818 et
445 2755 570 2840 conjux,
585 2752 742 2838 quondam
756 2765 809 2816 tua
822 2751 918 2833 dicta,
929 2752 1107 2837 relinquor?

256 2856 348 2922 Talia
363 2857 548 2937 vociferans,
563 2859 677 2944 gemitu
692 2867 807 2920 tectum
822 2877 912 2919 omne
927 2853 1087 2941 replebat,
1164 2907 1166 2910 .
1190 2868 1193 2876 “

213 2961 316 3043 Quum
331 2959 466 3024 subitum
481 2959 627 3044 dictuque
642 2961 740 3021 oritur·
755 2957 897 3022 mirabile
913 2971 1101 3022 monstrum:

172 3103 175 3110 »
214 3063 367 3148 Namque,
382 3084 489 3126 manus
504 3065 586 3126 inter
596 3073 836 3144 maestorumque
851 3083 908 3123 ora
922 3062 1094 3146 parentitm,

213 3165 299 3228 Ecce
314 3163 391 3227 le'vis
406 3185 524 3228 summo
538 3162 579 3227 de
593 3165 712 3226 vertice
726 3165 811 3226 visus
826 3161 884 3225 liili

213 3264 358 3330 Fundere
373 3265 476 3331 lumen
488 3255 580 3350 apex,
595 3277 741 3350 tactuque
757 3268 885 3330 innoxia
898 3265 1007 3330 molles

212 3366 372 3432 Lambere
387 3365 508 3431 flamma
523 3387 639 3446 comas,
654 3379 685 3430 et
699 3369 818 3431 circum
834 3379 973 3452 tempora
988 3373 1087 3453 pasci.

213 3469 278 3534 Nos
294 3467 399 3554 pavidi
415 3467 574 3553 trepidare
589 3469 876 3552 metu,erinemqoo
892 3469 1074 3555 flagrantem

213 3573 381 3650 Excutere,
396 3583 426 3635 et
440 3583 563 3634 sanctos
578 3573 769 3656 restinguere
784 3571 917 3636 sontibus
933 3575 1029 3658 ignes.

212 3677 254 3738 At
267 3687 358 3760 pater
373 3671 527 3738 Anchises
541 3671 648 3736 oculos
663 3671 704 3736 ad
719 3673 824 3738 sidera
839 3673 926 3739 laetus
1027 3673 1032 3682 '

213 3776 343 3856 Extulit,
358 3791 388 3840 et
403 3775 484 3840 coelo
498 3773 618 3860 palmas
633 3795 703 3839 cum
718 3797 797 3840 voco
812 3776 949 3840 tetendit.

212 3880 334 3965 Jupiter
348 3881 550 3965 omnipotens,
564 3879 711 3964 precibus
726 3881 752 3943 si
768 3879 901 3942 flecteris
916 3876 996 3956 ullis,

177 4035 185 4050 .
213 3983 352 4068 Adspice
364 4001 438 4060 nos3
460 3981 520 4046 hoc
536 3979 671 4046 tantdm:
694 3995 735 4059 et,
749 3982 774 4043 si
788 3983 904 4065 pietate
919 4001 1083 4063 moremur,

194 4139 196 4142 ψ
212 4089 265 4154 Da
279 4087 393 4153 deinde
408 4086 566 4168 auxilium,
581 4101 681 4173 pater,
696 4099 788 4171 atque
805 4085 872 4150 hoec.
887 4088 992 4150 omina
1007 4086 1106 4152 firma·
1202 4148 1204 4156 ,

255 4191 323 4258 Vix
337 4211 376 4256 ea
391 4191 472 4254 fatus
487 4203 556 4254 erat
570 4191 686 4270 senior,
700 4189 864 4274 subitoque
880 4189 1004 4276 fragore
