2936 5122
151 465 209 530 ms
477 547 479 552 ¹
570 429 784 530 'muninus

194 625 345 708 Bellator,
360 621 494 690 solidum
507 624 599 692 nodis
614 639 645 688 et
660 627 773 690 robore
788 637 890 704 cocto,

194 728 281 794 Huic
297 742 410 808 natam,
426 727 507 791 libro
522 741 554 790 et
568 726 703 792 silvestri
718 728 832 791 subere
846 725 996 805 clausum,

194 828 347 915 implicat,
362 844 455 917 atque
471 819 609 892 habilem
623 829 735 893 mediae
749 829 944 916 circumligat
960 829 1069 893 haste.

194 934 297 1016 Quam
312 933 424 998 denus
438 935 555 1018 ingenti
570 931 697 1011 librans,
712 935 755 996 ita
772 931 812 995 ad
828 932 947 996 aetbera
962 932 1061 995 fatur:

194 1034 296 1114 Alma,
310 1034 368 1098 tibi
384 1034 477 1114 hanc,
492 1055 651 1098 nemorum
666 1033 790 1114 cultrix,
805 1035 939 1098 Latonia
953 1035 1051 1120 virgo,

194 1135 266 1224 lpse
281 1149 370 1221 pater
384 1135 532 1202 famulam
547 1157 664 1202 voveo:
688 1150 739 1201 tua
754 1141 854 1222 prima
871 1159 927 1221 per
942 1157 1035 1201 auras

194 1239 275 1308 Tela
291 1251 399 1304 tenens
414 1239 545 1326 supplex
562 1239 682 1304 hostem
698 1241 784 1326 sugit.
829 1240 958 1324 Accipe,
973 1251 1077 1318 testor,

194 1321 288 1423 illua,
303 1357 395 1423 tuam,
411 1363 480 1428 quae
495 1365 576 1408 nunc
592 1342 696 1408 dubiis
711 1343 910 1406 committitur
924 1345 1020 1405 auris.

194 1445 294 1526 Dixit,
309 1459 339 1511 et
354 1447 491 1513 adducto
505 1461 679 1512 contortum
695 1446 808 1511 hastile
823 1447 942 1510 lacerto

194 1549 350 1614 Immittit:
373 1549 506 1615 sonuere
521 1550 633 1631 undae3
655 1550 800 1634 rapidum
814 1571 907 1633 super
915 1569 1044 1630 ‚amnem

195 1652 306 1717 lnlelix
322 1653 398 1740 sugit
412 1657 444 1718 in
455 1653 562 1740 jaculo
577 1653 727 1716 stridente
743 1651 890 1716 Camilla.

195 1758 237 1820 At
252 1754 407 1834 Metabus,
423 1756 534 1840 magne
549 1753 676 1840 propirls
687 1755 753 1840 jam
769 1767 898 1840 urgente
911 1753 1049 1833 caterva,
1092 1789 1097 1798 ·

193 1855 259 1922 Dat
274 1879 342 1922 sese
358 1857 460 1937 fluvio,
476 1869 568 1940 atque
584 1856 706 1924 hastam
720 1877 791 1920 cum
807 1856 925 1941 virgine
939 1857 1040 1918 victor

193 1961 374 2039 Gramineo,
384 1958 498 2024 donum
513 1958 643 2037 Triviae,
658 1957 698 2022 de
712 1961 832 2044 cespite
846 1957 943 2023 vellit.

195 2061 266 2126 Non
281 2061 367 2126 illum
383 2065 473 2126 tectis
488 2059 569 2139 ulle,
585 2083 644 2123 non
660 2060 823 2140 moenibus,
841 2059 936 2124 urbes

194 2161 380 2248 Accepere3
401 2183 502 2247 neque
517 2163 583 2246 ipse
599 2183 707 2226 manus
723 2163 845 2226 feritate
860 2161 1016 2226 dedisset:

84 2343 92 2362 ·
195 2267 357 2332 Pastorum
373 2279 403 2330 et
418 2267 491 2330 solis
507 2269 610 2350 exegit
625 2267 780 2330 montibus
794 2285 906 2330 aevum.

196 2369 263 2434 Hic
279 2383 393 2447 natam,
408 2372 439 2432 in
454 2367 555 2434 dumis
570 2371 713 2453 interque
729 2369 885 2433 horrentia
902 2368 1007 2450 lustra,
1169 2375 1233 2433 ⁵70

195 2471 383 2536 Armentalis
399 2489 488 2553 equae
504 2471 645 2534 mammis
660 2483 691 2535 et
706 2471 787 2534 lacte
803 2471 901 2536 lerino

196 2573 354 2652 Nutrlbat,
371 2575 485 2636 teneris
500 2573 681 2658 immulgens
696 2573 794 2636 ubera
811 2571 920 2636 labris.

196 2675 302 2760 thue
317 2673 432 2760 pedum
447 2675 555 2759 primis
571 2675 670 2739 inians
685 2675 815 2762 vestigia
830 2675 943 2761 plantis

196 2779 364 2855 institerat,
374 2775 482 2862 jaculo
496 2775 615 2861 palmas
630 2778 773 2841 oneravit
787 2791 896 2842 acut0=

197 2879 387 2966 Spiculaque
402 2899 443 2942 ex
459 2879 588 2943 humero
603 2897 709 2964 parvae
725 2879 884 2964 suspendit
898 2893 928 2944 et
943 2901 1061 2945 arcum.
1170 2888 1230 2946 ⁵75

199 2986 261 3049 Pro
275 2981 386 3048 crinali
402 3005 488 3061 auro,
499 3003 557 3067 pro
572 2982 670 3068 longis
686 2984 818 3070 tegmine
833 2982 935 3070 pellae,

195 3086 334 3174 Tigridis
349 3089 469 3152 exuvie
485 3107 541 3172 per
555 3085 681 3152 dorsum
697 3107 714 3150 a
732 3087 848 3151 vertice
862 3086 1011 3173 pendent.

198 3191 278 3256 Tela
295 3211 387 3254 manu
398 3192 539 3277 jamtum
554 3189 661 3254 tenenti
675 3189 808 3278 puerilia
824 3191 920 3272 torsit,

196 3293 238 3361 Et
253 3293 377 3358 lundam
395 3297 484 3358 tereti
499 3296 617 3358 circum
633 3306 728 3378 caput
743 3294 803 3379 egit
820 3292 952 3373 habenti,

197 3399 473 3484 Strymoniamque
487 3417 594 3482 gruem
610 3407 662 3460 aut
677 3396 782 3486 elbum
797 3397 910 3483 dejecit
924 3396 1054 3462 olorem.

201 3500 307 3564 Multae
323 3499 409 3565 illam
424 3501 537 3564 frustra
553 3499 721 3584 Tyrrhena
738 3521 795 3585 per
809 3500 926 3586 oppida
941 3515 1056 3566 matres

198 3601 359 3690 Optavere
373 3625 502 3668 nurumz
525 3601 590 3666 soli
605 3615 749 3666 contenta
765 3603 879 3682 Diana,

201 3705 360 3770 AEternum
376 3705 505 3770 telorum
520 3719 551 3770 et
565 3706 750 3791 virginitatis
765 3725 903 3768 amorem
941 3691 944 3696 ¹

199 3809 384 3872 intemerata
400 3809 484 3874 colit.
531 3809 655 3874 Vellem
671 3807 754 3872 baud
770 3821 916 3894 correpta
931 3809 1038 3874 luisset
1054 3864 1059 3874 .

200 3909 315 3974 Mitius
329 3911 393 3990 tali,
408 3926 518 3975 conata
533 3911 686 3976 lacessere
702 3909 862 3990 Teucros3

201 4014 287 4077 Cara
303 4014 388 4094 mihi,
403 4019 611 4100 comitumque
626 4016 704 4078 soret
720 4037 799 4079 nunc
814 4035 875 4079 una
890 4037 1041 4080 mearum.

203 4114 324 4182 Venlm
340 4139 407 4204 age,
423 4119 675 4204 quandoquidem
689 4121 760 4186 letis
775 4131 900 4206 urgetur
916 4121 1050 4199 acerbis,
