2992 5102
652 514 656 520 '
695 505 812 566 LIBER
832 507 853 564 Ι.

260 659 495 744 Balantumque
511 675 641 741 gregem
657 655 749 721 durio
764 677 900 722 mersare
916 658 1049 724 salubri:
1114 677 1118 684 ’

261 765 360 849 Saep'e
376 765 444 829 oleo
459 764 535 828 tardi
553 775 656 826 costas
671 763 799 846 agitator
815 763 901 828 aselli

259 867 386 934 Vilibus
400 883 451 933 aut
465 882 575 932 onerat
590 868 711 952 pomis3
734 868 930 953 lapidemque
946 884 1104 935 revertens

262 973 421 1054 Incusum,
437 991 490 1039 aut
504 989 577 1040 atre
592 995 724 1038 masam
739 975 827 1058 picis,
843 975 919 1039 urbe
934 991 1080 1060 reportat.
1234 985 1299 1044 275

311 1078 380 1163 lpse
395 1080 462 1142 dies
476 1081 552 1144 alios
568 1079 627 1143 alio
643 1078 728 1142 dedit
742 1080 849 1143 ordine
865 1081 936 1144 luna

264 1181 391 1248 Felices
406 1206 547 1270 operum.
571 1184 717 1260 Quintam
734 1183 805 1268 suge
819 1185 981 1269 {pallidus
993 1186 1105 1266 Orcus,

264 1287 521 1374 Eumenidesque
536 1303 627 1369 sate3
649 1305 713 1354 tum
730 1303 817 1374 partu
832 1289 935 1354 Terra
949 1291 1081 1357 nefando

262 1393 440 1480 Coeumque
456 1397 658 1481 Iapetumque
675 1409 772 1473 creat,
788 1415 964 1480 seuumque
979 1397 1133 1482 Typhoea,

262 1497 309 1562 Et
323 1501 494 1585 conjuratos
510 1501 622 1564 coelum
639 1500 815 1564 rescindere
831 1498 959 1564 fratres:
1229 1509 1296 1572 280

263 1601 333 1666 Ter
349 1619 414 1667 sunt
428 1606 527 1670 conati
544 1607 701 1689 imponere
719 1603 807 1667 Pelio
824 1600 935 1668 Ossam

264 1710 402 1788 Scilicet,
417 1727 505 1795 atque
522 1711 612 1774 Osse
629 1709 805 1774 frondosum
821 1711 974 1775 involvere
991 1711 1158 1800 Olympum
1172 1737 1182 1795 3

261 1815 333 1879 Ter
348 1809 436 1878 Pater
452 1830 627 1880 exstructos
643 1815 761 1911 disjecit
777 1813 901 1880 fulmine
917 1833 1047 1882 montes.

261 1919 401 2002 Septima
416 1937 482 2004 post
498 1919 653 1984 decimam
670 1919 745 1984 felix
761 1933 792 1983 et
807 1941 922 2004 ponere
938 1924 1042 2000 vitem,

258 2023 304 2088 Et
320 2047 445 2108 prensos
460 2027 608 2089 domitare
625 2025 729 2103 boves,
746 2037 778 2088 et
791 2025 861 2089 licia
878 2027 943 2089 tele

260 2129 411 2192 Addere:
434 2149 515 2192 nona
531 2127 608 2211 suge
625 2129 742 2206 melior,
758 2132 909 2194 contraria
926 2130 1023 2196 sortis.

302 2234 403 2300 Multa
419 2233 500 2298 adeb
516 2233 617 2316 gelidi
631 2235 737 2298 melius
752 2257 787 2298 sc
801 2249 894 2300 nocte
911 2236 1039 2316 deddre,

257 2341 321 2404 Aut
338 2361 437 2424 quum
453 2339 518 2402 sole
534 2359 613 2402 novo
626 2352 719 2404 terras
734 2342 842 2404 irrorat
859 2340 966 2406 Eous:

255 2443 364 2508 Nocte
381 2443 466 2506 leves
480 2441 588 2506 melitis
603 2443 726 2528 stipule‚
742 2458 834 2508 nocte
851 2447 936 2510 arida
951 2461 1048 2532 prata,

253 2547 461 2626 Tondentur;
482 2563 589 2612 noctes
603 2549 702 2624 lentus
717 2570 778 2612 non
790 2549 895 2614 deficit
909 2552 1028 2618 humor.
1142 2547 1146 2554 ’

252 2651 303 2721 Et
317 2655 440 2738 quidam
455 2675 540 2718 seros
555 2654 673 2718 hiberni
690 2655 730 2719 ad
746 2655 866 2719 luminis
881 2658 966 2740 ignee

256 2757 433 2843 Pervigilat,
449 2758 593 2843 ferroque
609 2757 696 2822 seces
711 2761 841 2844 inspicat
856 2774 969 2826 acuto:

257 2861 378 2929 Interea
394 2867 516 2949 longum
532 2879 624 2929 cautu
640 2864 738 2930 solata
753 2865 902 2944 laborem,

254 2967 376 3052 Arguto
391 2967 502 3055 c'oojux
518 2969 669 3054 percurrit
683 2970 806 3052 pectine
818 2970 905 3048 telae,

252 3073 323 3137 Aut
337 3074 434 3138 dulcis
449 3075 539 3137 musti
554 3070 697 3138 Vulcano
712 3074 858 3159 decoquit
871 3075 1043 3154 humorem,

254 3177 301 3242 Et
316 3177 394 3242 loliis
409 3179 522 3242 undam
539 3177 649 3262 trepidi
665 3178 829 3262 despumat
845 3178 945 3244 aheni.

252 3284 299 3346 At
313 3283 482 3348 rubicunda
497 3281 599 3348 Ceres
614 3284 719 3348 medio
733 3285 899 3350 succiditur
916 3301 1001 3364 astu,

253 3385 298 3453 Et
314 3389 418 3453 medio
432 3403 527 3453 testes
542 3403 614 3452 estu
627 3389 697 3452 terit
712 3410 784 3454 area
800 3388 912 3474 fruges.

251 3493 368 3558 Nudus
384 3516 447 3571 ara,
460 3515 529 3560 sere
544 3495 665 3558 nudus:
687 3494 786 3560 biems
801 3496 910 3578 ignava
925 3497 1046 3560 colono.

299 3595 481 3681 Frigoribus
496 3613 582 3684 parto
598 3599 737 3682 agricole
754 3599 934 3686 plerumque
946 3599 1096 3678 fruuntur,

252 3699 426 3788 Mutuaque
443 3703 519 3766 iuter
534 3723 568 3766 se
584 3703 643 3768 laeti
660 3704 798 3768 convivia
813 3719 932 3769 curant.

250 3805 364 3870 Invitat
378 3806 504 3890 genialis
519 3808 629 3885 hiems,
646 3827 796 3892 curasque
811 3809 959 3872 resolvit:

248 3909 326 3975 Ceu
337 3931 448 3994 presse
466 3933 560 3996 quum
571 3912 636 3998 jam
651 3927 772 3998 portum
786 3914 914 3998 tetigitte
928 3912 1052 3992 carine,

245 4015 413 4102 Puppibus
430 4033 461 4081 et
474 4019 534 4082 leti
548 4034 645 4083 naute
660 4019 834 4104 imposuere
851 4039 992 4084 coronas.

242 4122 317 4186 Sed
333 4135 437 4184 mmen
454 4137 486 4185 et
501 4135 631 4207 quernas
645 4125 772 4209 glandes
786 4139 851 4188 tum
867 4124 1013 4208 stringere
1028 4139 1160 4212 tempus,
1222 4132 1285 4190 305

241 4225 289 4290 Et
303 4227 382 4290 lauri
398 4227 524 4306 baccas,
540 4229 711 4316 oleamque,
727 4244 915 4314 cruentaque
933 4246 1028 4316 myrta
1042 4254 1052 4310 3
