2956 5132
210 503 265 563 tot
653 489 844 558 llfflmb

252 663 348 749 Ergo,
362 659 417 724 ubi
433 657 571 744 delapsa
585 657 720 727 mnium
733 673 793 742 per
807 671 905 722 curte
917 651 1039 722 Mene

253 763 386 844 Littora,
400 761 456 828 dat
469 765 590 850 signum
605 759 733 847 spanulfi
748 759 889 826 Misenus
902 760 947 824 ub
961 759 1025 828 atti

254 867 329 932 AEre
342 888 441 932 cavo:
464 863 616 930 invadunt
629 866 719 942 socii,
733 873 765 928 et
778 883 862 928 nova
875 862 989 948 proelia
1002 875 1132 946 tentant,
1226 867 1289 932 240

254 968 430 1034 obscoenas
444 965 550 1054 pelagi
563 966 649 1031 ferro
663 963 785 1030 fodore
799 963 956 1030 volucres.

255 1071 319 1137 Sed
333 1093 436 1158 neque
450 1075 513 1136 vim
528 1069 642 1158 plumis
656 1067 752 1134 ullam
766 1089 825 1134 nec
840 1067 973 1134 vulnera
987 1081 1076 1156 tergo

256 1177 444 1260 Accipiunt3
465 1172 624 1259 celerique
639 1171 712 1258 lugi
725 1171 785 1236 sub
799 1170 906 1236 sideru
920 1170 1028 1256 lapse,

256 1277 415 1342 Semesam
430 1275 570 1362 predam
585 1287 617 1340 et
630 1275 764 1361 vestigia
778 1273 864 1348 foeda
878 1273 1069 1360 relinquunt.

257 1377 330 1444 Una
345 1379 544 1466 inpraecelti
557 1377 700 1444 consedit
714 1399 793 1464 rupe
807 1375 947 1456 Celseno,
1226 1380 1289 1440 246

257 1481 370 1548 Infelix
384 1495 483 1561 vates,
497 1485 674 1568 rumpitque
690 1479 772 1546 banc
785 1493 914 1566 pectore
928 1494 1060 1542 vonemt

300 1583 423 1650 Bellum
438 1589 533 1650 etiam
547 1607 605 1671 pro
618 1583 709 1650 crede
723 1585 818 1650 mum
832 1585 1001 1668 suamque
1011 1581 1168 1669 juvencis,

256 1687 544 1770 Laomedontiaden,
558 1687 717 1760 bellumne
731 1689 848 1755 inferte
862 1688 992 1772 paratu,

255 1792 296 1858 Et
310 1796 414 1880 patrio
429 1794 597 1880 Harpyias
611 1796 748 1858 insontes
763 1791 883 1878 pellere
897 1792 1016 1875 reguol

256 1897 402 1982 Accipite
417 1918 493 1983 ergo
508 1899 620 1962 animis
635 1907 729 1981 etque
744 1893 814 1958 bec
828 1913 899 1962 mea
914 1893 999 1979 figite
1013 1889 1120 1956 dicta:
1226 1893 1289 1955 250

254 1998 333 2081 Qnae
350 1998 471 2063 Phoebo
485 2011 576 2085 pater
589 2001 795 2084 omnipotens,
810 1995 888 2062 milri
903 1995 1042 2060 Phoebus
1057 1989 1172 2078 Apollo

257 2099 418 2182 Praedixit,
432 2103 523 2167 vobis
540 2103 706 2164 Furiarum
720 2123 779 2184 ego
793 2102 933 2162 maxima
946 2096 1063 2182 pando.

256 2203 379 2269 ltaliam
394 2227 488 2270 cursu
502 2205 617 2290 petitis,
632 2204 794 2285 ventisque
810 2203 930 2264 vocatis

257 2304 346 2372 Ibitis
361 2305 496 2385 ltaliam,
510 2317 681 2391 portusque
696 2306 813 2368 intrare
828 2301 956 2368 licebit:

257 2407 320 2472 Sed
335 2430 396 2475 non
411 2410 485 2474 aute
499 2408 605 2472 &tam
619 2408 751 2492 cingetis
765 2406 921 2472 moenibus
934 2407 1055 2488 urbem,
1225 2415 1289 2476 255

255 2511 357 2594 Quam
372 2531 428 2592 voe
442 2511 636 2587 dimissum,
651 2521 827 2594 nostrasque
841 2511 957 2596 injuria
971 2510 1077 2591 cedia,

254 2614 410 2679 Ambeeas
425 2615 549 2698 subigat
563 2611 654 2678 malis
669 2613 835 2676 absumere
849 2633 983 2679 mensas.

298 2716 400 2799 Dixit,
415 2729 447 2782 at
460 2720 493 2782 in
508 2716 619 2783 silvam
633 2719 744 2802 pennis
759 2715 867 2782 abluta
882 2719 1006 2806 refugit.

254 2821 299 2884 At
312 2821 411 2886 sociis*
420 2820 523 2887 subiti
537 2821 658 2909 gelidus
672 2820 839 2887 formidine
853 2825 978 2910 sangtrls

256 2919 415 3010 Diriguitr
437 2921 586 2990 cecidere
601 2927 715 3003 unimi3
737 2945 796 2990 nec
806 2925 874 3013 jem
888 2923 1022 3012 amplius
1036 2929 1141 3008 nnis,
1227 2933 1289 2995 260

257 3025 322 3090 Sed
337 3029 417 3090 votis
431 3027 642 3113 precibusque
652 3027 765 3116 jubent
779 3049 953 3113 exposcere
967 3049 1089 3115 pacem,

258 3129 331 3192 Sive
346 3126 425 3209 dere,
439 3151 494 3194 seu
509 3133 571 3194 sint
585 3130 663 3196 dire
678 3131 897 3218 obecoenoeque
911 3131 1066 3198 volucres.
1162 3171 1166 3180 ·

216 3293 221 3298 .
257 3230 297 3296 Et
312 3242 402 3316 pater
416 3230 581 3312 Anchises,
595 3235 696 3319 passis
710 3231 751 3296 de
766 3231 869 3298 littore
883 3233 1007 3318 palmis,

256 3334 393 3401 Numina
407 3355 520 3421 magna
534 3347 637 3416 vocat,
650 3337 839 3421 meritosque
853 3334 964 3403 indicit
978 3337 1132 3404 bonores:

256 3437 312 3519 Di,
326 3437 492 3523 prohibete
507 3441 624 3518 minas3
645 3438 690 3520 di,
705 3439 799 3504 talem
813 3443 945 3505 avertite
959 3461 1088 3521 casum3
1228 3449 1289 3511 265

202 3601 207 3610 .
258 3542 300 3604 Et
313 3539 431 3627 placidi
446 3554 569 3606 servate
582 3545 663 3629 pios.
707 3543 788 3608 'lirin
802 3543 906 3608 littore
919 3544 1024 3612 sunem
1046 3585 1051 3596 ·

257 3640 425 3728 Decipere,
440 3665 650 3731 excussosque
660 3645 752 3733 jubet
766 3645 875 3711 laxare
890 3645 1048 3713 rudentes.

256 3743 404 3812 Tendunt
417 3746 489 3813 vela
504 3747 598 3828 Noti3
619 3748 749 3812 ferimur
762 3747 976 3832 spumantibus
990 3749 1091 3831 undis,

257 3845 328 3929 Qui
341 3869 466 3914 cursum
482 3863 653 3936 ventusque
667 3849 918 3937 gubernatorque
932 3851 1101 3917 vocabant.

257 3949 330 4014 Jam
344 3949 449 4015 medio
463 3966 595 4039 apparet
609 3953 703 4018 fluctu
716 3973 881 4020 nemorosa
895 3953 1091 4040 Zacynthos,
1226 3964 1290 4022 070

257 4049 513 4140 Dulichiumque,
527 4058 692 4144 Sameque,
706 4070 738 4123 et
752 4055 877 4122 Neritos
892 4056 993 4124 ardua
1007 4062 1110 4125 saris:

253 4152 430 4242 Effugimus
444 4157 591 4242 scopulos
606 4157 732 4241 ltbucae,
746 4159 876 4226 Laertia
890 4180 1007 4248 regnu3
