2914 5130
626 506 743 568 naua
761 507 825 568 vu.

231 671 319 741 Nunc
333 681 460 758 peteres
474 666 572 734 libate
584 665 667 746 Jovi,
680 665 891 751 precibusque
905 673 1016 728 vocate

232 779 390 844 Anchisen
404 773 585 860 genitorem,
599 783 630 834 et
645 769 716 834 vista
730 766 869 852 reponite
884 768 1011 830 mensis.

231 883 281 946 Sic
296 878 412 946 deinde
426 875 546 953 effatus,
560 871 715 938 frondenti
729 885 870 955 tempora
884 888 971 934 ramo

232 985 383 1071 implicat,
397 994 427 1046 et
442 980 636 1063 Geniumque
652 975 722 1054 loci,
735 974 929 1062 primamque
942 969 1074 1036 deorum

232 1087 653 1175 Tellurem‚.Nymphasque,
667 1097 698 1150 et
712 1081 817 1148 adhuc
831 1081 934 1165 ignota
947 1091 1096 1163 precatur

232 1193 375 1258 Fiumina
385 1213 402 1258 rv
416 1205 480 1254 tum
491 1189 633 1266 Noctem,
648 1186 819 1269 Noctisque
833 1183 964 1246 orientia
979 1180 1075 1266 signa,
1158 1182 1162 1194 '

233 1297 410 1381 idaeumque
425 1295 546 1372 Jovem‚
562 1291 795 1376 Phrygiamque
810 1307 850 1350 ex
864 1283 972 1349 ondine
986 1295 1129 1362 matrem,

233 1400 369 1478 invocat,
383 1410 414 1461 et
428 1396 568 1482 duplices
582 1393 734 1476 Cteloque
750 1390 916 1473 Ereboque
931 1396 1089 1472 parentes·

233 1502 298 1566 Hic
313 1513 404 1586 pater
418 1500 611 1584 omnipotens
625 1509 674 1560 ter
687 1492 769 1558 coelo
783 1491 887 1558 clarus
902 1489 944 1555 ab
960 1489 1022 1554 aito

233 1603 373 1682 intonuit,
386 1601 543 1686 radiisque
559 1599 719 1664 ardentem
735 1596 813 1662 lucis
827 1609 858 1660 et
872 1615 948 1660 auro

232 1707 301 1792 lpse
317 1727 410 1770 manu
426 1705 566 1789 quatiens
581 1701 714 1768 ostendit
730 1700 771 1764 ab
785 1699 902 1764 aethere
916 1696 1042 1762 nubem.

232 1806 360 1872 Diditur
375 1808 425 1876 hic
439 1805 543 1872 subitd
557 1807 696 1892 Trojana
711 1824 768 1888 per
782 1801 904 1888 agmina
918 1820 1033 1880 rumor,

232 1909 406 1976 Advenisse
417 1909 500 1974 diem
514 1931 577 1994 quo
591 1907 699 1972 debita
712 1909 826 1971 moenia
841 1903 988 1969 condant.

230 2012 384 2077 Certatim
401 2014 570 2078 instaurant
586 2010 703 2098 epulas,
718 2023 810 2094 atque
825 2008 926 2074 omine
941 2028 1053 2092 magno

233 2113 382 2179 Crateras
396 2114 459 2179 laeti
474 2125 619 2190 statuunt,
634 2126 664 2176 et
679 2113 751 2177 vina
765 2123 927 2176 coronant.

276 2216 405 2280 Postera
419 2237 513 2300 quum
529 2212 630 2301 primi
645 2214 797 2278 lustrabat
811 2210 957 2297 lampade
972 2224 1072 2276 terras

233 2317 311 2382 Ona
326 2316 405 2397 dies,
418 2317 540 2396 urbem,
555 2331 586 2382 et
600 2317 686 2398 fines,
700 2329 732 2380 et
747 2315 848 2380 littora
861 2315 970 2402 gentis,

231 2417 361 2486 Diversi
377 2419 559 2505 explorant:
582 2419 650 2484 haec
666 2421 759 2484 fontis
773 2431 882 2504 stagna
898 2417 1033 2498 Numici,

234 2524 330 2589 Hunc
346 2524 482 2609 Tybrim
497 2523 632 2603 fluvium,
647 2523 698 2588 hic
713 2524 808 2588 fortes
823 2522 966 2588 habitare
981 2523 1123 2592 Latinos.

235 2624 315 2690 Tum
330 2640 414 2689 satus
430 2623 569 2688 Anchisa
582 2623 720 2690 delectos
734 2625 844 2690 ordine
859 2625 901 2690 ab
915 2626 1000 2694 omni
1094 2681 1097 2686 .

235 2727 369 2792 Centum
383 2741 524 2792 oratores
539 2741 668 2813 augusta
683 2727 722 2792 ud
737 2731 853 2792 moeuia
867 2728 949 2814 regis

234 2831 282 2895 lre
292 2832 395 2919 jubetq
410 2831 504 2896 ramis
518 2830 636 2896 velatos
653 2829 789 2896 Palladis
804 2854 927 2913 omnes;

232 2933 389 3020 Donaque
404 2936 487 2998 ferre
502 2935 579 3012 uiro,
593 2957 767 3020 pacemque
781 2957 953 3020 exposcere
967 2938 1111 3006 Teucris.

235 3038 332 3102 Haud
350 3059 457 3116 mora;
478 3039 621 3104 festinant
631 3040 719 3125 jussi,
735 3039 914 3126 rapidisque
930 3041 1069 3110 seruntur

235 3139 398 3204 Passibus:
425 3144 492 3224 ipse
507 3137 614 3206 humili
628 3141 770 3226 designat
785 3146 898 3208 moenia
913 3144 1004 3224 tons,

234 3241 423 3328 Moliturque
438 3243 560 3324 locum3
581 3248 761 3331 primasque
776 3247 806 3312 in
821 3245 922 3314 littore
937 3247 1038 3327 sedes,
1154 3281 1158 3288 ·

233 3346 418 3412 Castrorum
433 3351 464 3415 in
479 3371 607 3429 morem,
621 3351 723 3434 pinnis
738 3365 831 3436 atque
846 3374 962 3438 aggere
973 3353 1078 3438 cingit.

232 3449 367 3536 Jamque
382 3454 442 3516 iter
455 3454 581 3531 emensi,
596 3467 696 3518 turres
711 3476 748 3520 ee
764 3467 846 3520 tecta
862 3456 1044 3522 Latinorum

235 3553 343 3617 Ardua
357 3555 531 3620 cernebant
540 3557 682 3640 juvenes,
694 3579 842 3641 muroque
857 3558 1013 3623 subibant.

236 3658 313 3720 Ante
328 3657 440 3720 urbem
455 3658 543 3742 pueri
559 3672 589 3723 et
604 3659 752 3744 primaevo
768 3660 843 3726 tiore
853 3661 999 3745 juventus

236 3757 431 3826 Exercentur
446 3763 543 3845 equis,
557 3761 767 3846 domitantque
783 3765 814 3828 in
828 3761 957 3849 pulvere
971 3782 1091 3840 curtus,

235 3860 295 3924 Aut
309 3882 401 3925 aeres
417 3863 544 3927 tendunt
558 3885 660 3944 arcus,
678 3879 729 3928 aut
745 3865 827 3929 lenta
847 3863 971 3930 lacertis

235 3961 362 4046 Spicula
376 3977 587 4050 contorquent,
601 3989 756 4051 cursuque
771 3968 894 4050 ictuque
909 3966 1083 4034 lacessunt:

235 4063 336 4144 Quum
351 4080 524 4149 praevectus
540 4091 620 4153 equo
636 4067 767 4154 longoeri
783 4068 862 4154 regis
877 4067 918 4134 ad
933 4091 1025 4136 aures

239 4165 370 4236 Nuntius
384 4172 523 4256 ingentes
537 4172 645 4258 ignoti*
656 4173 687 4238 in
702 4185 788 4238 veste
802 4185 942 4258 reportat
