2992 5102
291 660 411 726 Nescio
426 651 488 741 qni
503 664 616 738 preter
631 649 752 714 solitum
767 647 934 714 dulcedine
948 649 1019 727 leti,

290 767 375 830 luter
391 783 424 826 se
439 763 469 825 in
484 757 566 824 toliis
582 753 740 841 strepitant
753 777 763 834 ;
781 755 879 842 juvet,
895 753 1041 818 imbribus
1053 755 1141 834 actis,

295 867 479 952 Progeniem
494 883 624 950 pervum
640 860 808 944 dulcesque
823 860 959 924 revisere
973 861 1073 954 nidos.

339 972 432 1038 Haud
445 971 594 1056 equidem
609 955 704 1032 credo
721 968 792 1052 quia
807 968 845 1032 sit
860 967 1000 1032 divinitus
1015 967 1073 1033 illis
1227 1045 1230 1052 ,
1266 970 1329 1031 415

297 1081 466 1164 Ingenium,
479 1091 532 1142 eut
546 1096 649 1140 rerum
666 1073 729 1138 sato
744 1074 907 1158 prudentie
921 1074 1039 1160 major:

296 1183 425 1262 Verirm,
441 1183 496 1245 ubi
510 1192 677 1262 tempestus
691 1192 724 1242 et
738 1179 810 1243 coeli
825 1179 944 1242 mobilis
958 1180 1068 1246 humer

295 1287 459 1353 Mutavere
475 1287 550 1364 vies,
563 1299 594 1350 et
607 1282 728 1370 Jupiter
744 1284 855 1348 uvidus
871 1284 980 1348 austris

297 1393 418 1460 Denset
433 1407 520 1456 erant
535 1412 601 1476 que
613 1411 683 1454 rnre
698 1387 805 1467 modb,
821 1401 930 1473 etque
947 1390 1042 1456 dense
1057 1390 1184 1472 relaxet,

296 1498 463 1565 vertuntur
480 1499 601 1583 species
617 1496 799 1573 animorum,
816 1510 847 1560 et
861 1512 989 1580 pectora
1003 1511 1102 1563 motus
1265 1501 1332 1564 420

300 1605 392 1670 Nunc
408 1605 492 1681 alios,
509 1603 585 1668 nlius
601 1603 675 1666 dum
689 1601 793 1666 nubila
809 1616 917 1665 ventus
933 1601 1054 1686 egebat,

302 1711 484 1796 Concipiunt
498 1733 506 1770 :
528 1710 601 1774 hinc
616 1707 668 1772 ille
681 1707 783 1772 evium
795 1721 961 1772 concentus
975 1709 1006 1772 in
1023 1710 1112 1794 agris,

302 1815 346 1880 Et
361 1817 432 1879 lete
446 1815 595 1900 pecudes,
612 1827 644 1877 et
658 1826 784 1878 orentes
800 1826 918 1898 gutture
934 1814 1028 1878 corvi.

345 1921 379 1984 Si
396 1919 467 1984 verb
481 1920 578 1986 solem
594 1918 634 1982 sd
648 1917 790 2003 rapidum
806 1917 952 2003 lunasque
969 1934 1132 2004 sequentes

297 2023 418 2090 Ordine
433 2027 591 2112 respicies,
607 2045 763 2109 nunquam
779 2039 810 2087 te
827 2027 957 2090 crastina
975 2026 1059 2092 fellet
1268 2031 1332 2093 425

298 2131 397 2210 Hora,
413 2154 516 2216 neque
532 2131 646 2196 insidiis
662 2133 758 2198 uncus
770 2130 894 2216 capiere
910 2154 1035 2198 serene.

298 2236 389 2303 Luna
404 2251 595 2302 revertentes
610 2257 703 2322 quum
719 2237 851 2322 primirm
867 2238 981 2322 colligit
996 2238 1092 2322 ignes,

299 2345 334 2410 Si
350 2345 475 2428 nigrum
489 2342 619 2406 obscuro
633 2343 860 2428 comprenderit
876 2343 948 2406 aira
963 2365 1069 2422 cornu,

295 2449 461 2514 Maximus
477 2449 618 2532 agricolis·
629 2449 799 2533 pelagoque
815 2448 969 2533 parabitur
984 2449 1104 2516 imber:

297 2557 353 2632 At,
369 2555 395 2618 si
410 2555 578 2638 virgineum
594 2553 753 2618 suffuderit
768 2575 821 2618 ore
838 2555 992 2634 ruborem,
1269 2563 1334 2624 430

298 2661 420 2724 Ventus
434 2661 514 2738 eritr
536 2675 628 2724 vento
643 2682 767 2746 semper
781 2661 871 2726 rubet
885 2684 978 2728 eures
994 2662 1114 2730 Phoebe
1128 2687 1137 2728 r

302 2773 358 2838 Sin
374 2787 440 2836 ortu
455 2773 485 2835 iu
501 2783 608 2856 quarto
625 2768 773 2856 (nemque
790 2775 815 2836 is
830 2774 1015 2838 certissimus
1031 2775 1151 2864 auctor)

301 2877 399 2953 Pure,
414 2897 513 2960 neque
529 2876 645 2941 obtusis
658 2897 713 2962 per
728 2877 840 2942 coelum
857 2879 998 2944 cornibus
1013 2879 1077 2960 ibit,

297 2980 402 3045 Totus
417 2996 447 3045 et
460 2982 510 3045 ille
526 2983 605 3058 dies,
617 2996 648 3047 et
664 2983 715 3066 qui
731 3000 894 3048 nascentur
909 2986 946 3049 eb
962 2985 1013 3050 illo

302 3087 459 3154 Exsctum
471 3087 510 3151 nd
527 3107 676 3166 mensem,
689 3087 792 3172 pluvii
806 3093 963 3175 ventisque
979 3094 1135 3170 carebunt,
1267 3095 1333 3157 435

298 3191 443 3278 Votaque
459 3194 570 3258 servati
585 3195 703 3260 solvent
718 3196 748 3258 iu
763 3195 862 3260 littore
879 3212 975 3263 usutrc

301 3299 424 3364 Glauco
440 3312 471 3362 et
485 3296 638 3385 Panopeus
654 3313 686 3364 et
700 3298 775 3366 Inoo
791 3301 970 3370 Melicerte.

347 3405 404 3470 Sel
419 3425 551 3490 quoque,
567 3423 598 3470 et
614 3408 766 3485 exedens,
783 3422 814 3472 et
829 3430 922 3494 quum
938 3432 972 3474 se
985 3411 1097 3476 cbndet
1111 3413 1142 3477 in
1158 3412 1265 3491 undas,

301 3513 400 3596 Signa
416 3511 518 3575 debit:
540 3512 638 3576 solem
653 3514 820 3579 certissime
836 3517 920 3600 signs
936 3531 1112 3602 sequuntur,
1347 3501 1350 3514 ⁵

300 3617 347 3684 Et
363 3638 429 3701 que
445 3615 534 3680 menie
550 3617 654 3697 refert,
671 3632 701 3682 et
717 3640 783 3703 que
799 3623 990 3705 surgentibus
1006 3622 1103 3688 astris.
1266 3629 1331 3688 440

346 3721 403 3786 Ille
418 3723 470 3785 ubi
484 3736 660 3789 nascentem
676 3725 804 3807 miculis
818 3728 977 3794 venereris
992 3743 1091 3795 ertum

301 3827 455 3894 Conditus
469 3828 499 3890 in
514 3829 638 3906 nubem,
653 3830 817 3916 medioque
828 3815 974 3918 refugerit
989 3835 1074 3914 orbe,

302 3933 448 4016 Suspecri
463 3930 515 3996 nbi
531 3933 590 3998 sint
604 3933 739 3999 imbres:
760 3957 893 4020 nemque
909 3953 997 4020 urget
1011 3941 1049 4005 ab
1066 3941 1126 4006 alto

297 4043 533 4128 Arboribusque
548 4045 683 4130 setisque
697 4045 797 4110 Notus
812 4048 977 4131 pecorique
993 4049 1122 4114 sinister.

294 4152 365 4216 Aut
381 4151 433 4214 ubi
450 4151 504 4214 sub
520 4152 621 4217 lucem
637 4153 732 4218 densa
746 4153 825 4216 inter
840 4153 941 4218 nubile
953 4173 1021 4218 sese
1264 4159 1328 4219 445

296 4253 427 4320 Diversi
443 4270 583 4340 rumpent
597 4257 685 4335 radii,
700 4271 753 4322 eut
767 4255 818 4320 ubi
833 4256 944 4341 pallide
960 4273 1062 4342 surget
