2956 5132
214 507 267 562 tta
649 499 838 561 meinos

253 651 408 715 Preterea
422 664 588 736 sceptrum,
604 649 702 715 llione
717 649 801 736 quod
815 663 955 736 gesserat
968 651 1054 733 olm,

255 753 395 818 Maxima
409 767 551 820 natarum
566 753 692 831 Priami,
707 751 851 839 colloque
866 753 981 820 monile

254 853 437 936 Baccatum,
451 870 482 921 et
496 855 653 941 duplicem
667 859 797 942 gemmis
812 875 951 942 auroque
963 871 1124 924 oomaemt
1217 861 1279 924 055

256 962 337 1025 Hmc
353 957 504 1038 celerans,
519 963 578 1024 iter
592 958 635 1023 ad
649 975 745 1024 naves
760 959 910 1026 tendebat
923 960 1072 1028 Achates.

299 1067 340 1128 At
355 1062 518 1148 Cytherea
531 1083 629 1128 novas
644 1077 737 1142 artes,
751 1084 833 1128 nove
846 1075 974 1150 pectore
988 1079 1094 1132 verset

257 1165 418 1244 Consilia3
439 1179 471 1230 ut
486 1167 599 1230 faciem
614 1177 746 1230 mutatus
761 1179 792 1230 et
806 1189 864 1231 ora
878 1165 1002 1253 Cupido

257 1269 318 1332 Pro
333 1262 417 1330 dulci
433 1269 569 1332 Ascanio
584 1269 698 1347 veniat,
711 1266 865 1353 durisque
880 1267 1032 1334 fruentem

259 1369 405 1436 lncendat
420 1374 570 1458 reginam3
584 1384 677 1456 atque
691 1373 814 1436 ossibus
829 1369 969 1456 implicet
983 1375 1099 1457 ignem.
1218 1375 1282 1436 060

255 1475 380 1560 Quippe
394 1473 519 1539 domm
534 1477 621 1550 timet
636 1473 822 1561 ambiguam,
837 1473 1018 1558 Tyriosque
1032 1473 1199 1559 bilingues.

257 1575 329 1642 Urit
344 1590 434 1642 atrox
448 1577 541 1654 luno,
556 1588 587 1639 ct
601 1575 660 1640 sub
674 1587 797 1640 noctem
810 1593 888 1638 cura
901 1587 1057 1642 recursat.

257 1679 341 1764 Ergo
355 1675 405 1742 his
420 1676 570 1764 aligerum
585 1674 679 1740 dictis
695 1675 805 1760 affatur
822 1678 988 1742 Amoremr

257 1781 347 1859 Nate,
361 1801 437 1844 mee
452 1783 545 1858 vires,
561 1799 630 1843 mea
645 1801 757 1866 magna
772 1783 921 1865 potentia,
936 1779 1029 1860 solue,

255 1880 347 1960 Nate,
361 1882 459 1965 patris
474 1881 584 1942 summi
599 1883 652 1964 qui
669 1880 730 1944 tela
746 1879 896 1966 Typhoia
911 1885 1032 1960 temnis,
1221 1885 1284 1946 665

256 1981 306 2047 Ad
322 1994 351 2046 te
367 1982 520 2068 confugio,
535 1994 566 2044 et
579 1980 713 2068 supplex
728 1995 779 2047 tua
794 1987 919 2048 numina
933 2003 1040 2068 posco.

257 2083 368 2148 Frater
382 2095 415 2146 ut
430 2081 543 2148 AEneas
557 2082 671 2170 pelago
686 2097 754 2148 tuus
769 2089 874 2150 omnia
888 2089 1009 2150 circum

259 2185 381 2250 Littora
391 2186 528 2272 jactetur
541 2183 623 2250 odiis
637 2186 768 2250 Junonls
782 2189 905 2270 iniquae,

261 2287 343 2352 Nota
359 2287 436 2365 tibi3
458 2299 489 2350 et
503 2301 609 2352 nostro
624 2285 750 2352 doluisti
765 2288 846 2372 sepe
861 2285 981 2352 dolore.

258 2391 353 2456 Hunc
369 2389 533 2454 Phoenissa
547 2403 632 2454 tenet
645 2388 742 2468 Dido,
757 2388 944 2473 blandisque
959 2401 1097 2454 moratur

258 2491 399 2557 Vocibus
411 2515 419 2552 r
443 2501 473 2554 et
487 2509 600 2553 vereor
614 2490 676 2574 qud
690 2511 724 2554 se
739 2490 874 2554 Junonia
889 2503 1011 2554 venant

260 2595 425 2675 Hospitia:
447 2589 532 2655 haud
548 2603 632 2656 tanto
647 2593 785 2656 cessabit
798 2590 929 2656 cardine
944 2613 1060 2657 rerum.

259 2696 417 2778 Quocirca
431 2715 546 2780 capere
562 2695 632 2758 ante
648 2693 737 2774 dolis,
753 2708 784 2758 et
798 2699 924 2780 cingere
940 2693 1063 2760 flammi

261 2796 414 2884 Reginam
429 2795 579 2875 meditor3
601 2818 641 2862 ue
656 2819 717 2882 quo
731 2817 765 2861 se
781 2799 906 2860 numina
919 2809 1026 2878 mutet,

263 2897 325 2964 Sed
340 2919 451 2985 magno
468 2897 570 2964 AEnee
585 2919 706 2964 mecum
722 2913 863 2964 teneatur
879 2921 996 2964 amore.

261 3001 330 3084 Qud
344 3002 449 3065 facere
465 2999 497 3066 id
512 3006 621 3088 possis,
635 3015 771 3066 nostram
786 3023 868 3067 nunc
883 3006 993 3088 accipe
1007 3015 1152 3068 mentem.

263 3102 389 3188 Regius,
405 3103 507 3166 accitu
521 3105 588 3166 cari
601 3106 761 3188 genitoris,
776 3102 817 3168 ad
831 3105 943 3170 urbem

264 3201 422 3270 Sidoniam
436 3223 515 3290 puer
529 3207 575 3268 ire
589 3218 690 3289 parat,
704 3225 775 3270 mea
790 3209 928 3272 maxima
941 3225 1026 3284 cura,

265 3306 357 3371 Dona
372 3307 485 3387 serens,
499 3305 611 3395 pelago
627 3319 657 3370 et
672 3307 804 3372 flammis
819 3311 968 3372 restantia
983 3305 1104 3394 Troje:

265 3410 359 3474 Hunc
374 3431 432 3495 ego
446 3411 578 3496 sopitum
592 3431 710 3490 somno,
724 3433 817 3496 super
832 3412 895 3476 alta
910 3408 1064 3495 Cythera,

266 3513 328 3576 Aut
342 3533 435 3597 super
450 3510 591 3594 Idalium,
606 3514 730 3578 sacrati
744 3513 820 3578 sede
835 3513 1022 3592 recondam

264 3614 313 3678 Ne
329 3613 388 3700 qud
403 3617 485 3678 scire
499 3611 597 3694 dolos,
611 3615 772 3682 mediusve
787 3637 954 3682 occurrere
970 3621 1077 3704 possit·

264 3716 314 3779 Tu
329 3716 441 3781 faciem
456 3713 549 3796 illius,
563 3731 686 3784 noctem
701 3741 762 3785 non
778 3718 1026 3805 amplificum,

266 3817 353 3882 Falle
367 3819 450 3900 dolo,
465 3833 496 3884 et
509 3833 598 3886 notos
613 3825 702 3908 pueri
716 3845 795 3908 puer
809 3822 903 3888 indue
917 3821 1036 3898 vultus3

268 3919 320 3998 Ut,
335 3943 427 4007 quum
443 3936 472 3986 te
487 3928 607 4010 grando
621 3929 756 4012 accipiet
772 3925 926 3988 letissima
939 3919 1027 3986 Dido
1139 3969 1143 3978 .

264 4021 402 4108 Regales
417 4026 499 4089 inter
514 4049 635 4092 mensas
651 4027 837 4112 laticemque
851 4028 993 4114 Lyaeum,

266 4126 368 4208 Quum
383 4124 473 4191 dabit
487 4129 649 4232 amplexus
664 4143 756 4216 atque
771 4131 877 4197 oscula
891 4131 998 4198 dulcia
1011 4133 1093 4222 figet,
