2914 5130
158 511 218 572 tto
598 503 785 570 martios

197 645 365 752 'Reliquias
379 661 534 743 colerem3
557 663 670 726 Priami
685 675 768 726 tecta
781 661 844 727 alta
858 677 1038 746 manerent,

202 771 243 836 Et
257 770 395 856 recidiva
409 790 501 833 manu
515 767 686 853 posuissem
702 767 855 853 Pergama
868 768 969 832 victis.
1020 775 1022 782 '

204 873 267 938 Sed
282 894 362 938 nunc
378 871 498 936 ltaliam
512 891 654 956 magnam
673 869 820 954 Gryneus
834 871 957 956 llpollo,

205 976 326 1041 ltaliam
340 973 450 1061 Lyciae
460 972 583 1060 jussere
597 991 762 1057 capessere
776 984 892 1036 sortes:

205 1081 270 1145 Hic
285 1101 381 1159 amor,
397 1078 464 1141 haec
478 1077 580 1162 patria
595 1087 652 1138 est.
697 1076 730 1138 Si
744 1087 775 1138 te
789 1074 991 1164 Carthaginis
1004 1098 1093 1143 arces

206 1184 409 1260 Phoenissam,
424 1179 618 1264 Libycaeque
633 1175 799 1262 adspectus
813 1175 932 1242 detinet
945 1180 1048 1260 urbis3

202 1287 280 1370 Quae
296 1283 420 1350 tandem
435 1281 571 1347 Ausonia
586 1280 725 1344 Teucros
738 1279 902 1346 considere
917 1281 1001 1346 terra

200 1389 326 1453 'lnvidia
341 1391 410 1451 estl
453 1385 494 1449 Et
508 1405 563 1449 nos
573 1383 626 1447 tas
640 1394 749 1448 extera
764 1404 906 1468 quarere
920 1406 1028 1472 regna.

205 1491 259 1555 Me
273 1491 370 1576 patris
386 1487 539 1564 Anchisae,
555 1489 675 1570 quoties
690 1485 884 1551 humentibus
897 1487 1015 1552 umbris

205 1594 277 1658 Nox
291 1593 391 1678 operit
406 1604 514 1669 terras,
529 1591 647 1675 quoties
662 1601 747 1655 astra
761 1590 851 1677 ignea
865 1604 1001 1678 surgunt,

204 1700 359 1767 Admonet
373 1701 402 1763 in
418 1701 541 1778 somnis,
555 1711 586 1763 et
601 1697 726 1764 turbida
741 1710 837 1764 terret
851 1699 969 1787 imago:

205 1803 259 1867 Me
270 1823 350 1888 puer
365 1802 526 1879 Ascanius,
540 1801 713 1887 capitisque
727 1803 839 1888 injuria
852 1805 929 1883 cari,
1015 1804 1018 1810 '

205 1905 306 1987 Quem
318 1925 417 1990 regno
429 1903 594 1988 Hesperiae
609 1901 719 1968 fraudo
734 1917 764 1966 et
779 1904 927 1970 fatalibus
941 1903 1034 1968 arvis.
1169 1911 1233 1968 355

205 2007 296 2071 Nunc
311 2007 401 2071 etiam
415 2010 568 2092 interpres
582 2004 699 2086 divim,
713 2007 792 2071 Jove
809 2008 919 2071 missus
933 2007 975 2070 ab
990 2007 1065 2092 ipso,

204 2110 331 2192 (Testor
345 2124 508 2195 utrumque
523 2113 629 2195 caput)
643 2109 763 2174 celeres
778 2109 924 2176 mandata
938 2131 994 2195 per
1009 2128 1099 2174 auras

204 2211 343 2276 Detulit:
366 2215 433 2298 ipse
447 2211 541 2276 deum
555 2213 718 2275 manifesto
733 2211 762 2276 in
777 2211 890 2276 lumine
904 2210 970 2277 vidi

205 2317 372 2381 lntrantem
386 2337 500 2396 muros,
513 2335 684 2400 vocemque
700 2315 748 2379 his
763 2315 888 2379 auribus
904 2316 1002 2380 hausi.

205 2417 325 2482 Desine
339 2437 452 2501 meque
467 2417 525 2481 tuis
540 2415 707 2480 incendere
722 2427 815 2500 teque
831 2417 981 2501 querelis:

207 2520 327 2585 ltaliam
342 2541 403 2583 non
417 2532 525 2604 sponte
540 2539 664 2604 sequor.

230 2633 233 2644 ·
249 2621 342 2684 Talia
355 2619 509 2684 dicentem
518 2619 703 2706 jamdudum
717 2641 829 2686 aversa
842 2635 952 2703 tuetur,

207 2721 281 2784 Huc
296 2719 369 2785 illuc
385 2720 510 2784 volvens
524 2720 639 2802 oculos,
653 2734 811 2808 totumque
824 2723 966 2810 pererrat

127 2871 130 2878 .
207 2823 388 2888 Luminibus
402 2825 515 2903 tacitis,
529 2835 559 2886 et
574 2827 619 2888 sic
635 2844 768 2891 accensa
783 2828 937 2912 profanu:

207 2926 275 2989 Nec
290 2925 347 2990 tibi
360 2925 434 2990 diva
448 2946 571 3010 parens,
584 2927 706 3012 generis
721 2950 779 2992 nec
794 2927 962 2994 Dardanus
976 2941 1093 3010 auctor,
1172 2935 1233 2994 ³6⁵

209 3027 351 3108 Perfide;
372 3027 427 3092 sed
442 3027 528 3092 duris
541 3031 647 3114 genuit
660 3043 691 3093 te
707 3031 850 3096 cautibus
864 3031 993 3096 horrens

208 3132 378 3212 Caucasus,
394 3132 619 3217 Hyrcanaeque
634 3133 797 3199 admorunt
811 3135 910 3200 ubera
923 3136 1027 3221 tigres.

169 3245 171 3252 ’
206 3233 289 3299 Nam
304 3231 380 3318 quid
394 3232 575 3298 dissimulo?
597 3244 650 3299 aut
664 3258 733 3321 quae
748 3259 798 3302 me
813 3237 855 3301 ad
869 3241 989 3324 majora
1002 3242 1151 3303 reses-vol

207 3337 288 3400 Num
305 3335 376 3398 fletu
391 3335 537 3420 ingemuit
551 3341 676 3402 nostrat
697 3361 769 3402 num
784 3337 900 3403 lumina
913 3340 1019 3406 flexitt

208 3439 290 3504 Num
298 3437 456 3524 lacrymas
464 3439 562 3503 victus
571 3439 674 3504 deditt
688 3454 741 3506 aut
748 3444 911 3506 miseratus
920 3456 1074 3507 amantem
1084 3446 1147 3506 estl
1172 3449 1251 3505 370.

206 3544 285 3625 Quae
301 3544 412 3628 quibus
427 3544 620 3608 anteferam?
637 3544 779 3630 jamjam
794 3566 851 3610 nec
866 3545 1002 3610 maxima
1015 3545 1107 3624 Juno,

207 3647 275 3711 Nec
291 3647 449 3711 Saturnius
464 3645 533 3710 haec
546 3647 644 3710 oculis
658 3658 748 3731 pater
762 3646 895 3733 adspicit
908 3649 1014 3733 aequis.

209 3750 367 3834 Nusquam
381 3760 446 3812 tuta
461 3745 548 3811 fides.
592 3747 734 3832 Ejectum
748 3745 860 3825 littore,
874 3762 1024 3834 egentem,

210 3851 340 3936 Excepi,
355 3863 392 3915 etx
398 3851 486 3936 regni
500 3847 627 3914 demens
642 3852 674 3912 in
687 3862 776 3933 parte
790 3847 911 3913 locavi:

209 3954 362 4018 Amissam
376 3951 517 4034 classem,
531 3956 641 4033 socios,
656 3974 677 4016 a
689 3963 786 4015 morte
800 3951 924 4016 reduxi.
1040 4004 1044 4014 ,
1172 3961 1236 4018 575

211 4057 302 4120 Heu!
325 4054 409 4128 furiis
423 4057 551 4120 incensa
565 4057 668 4121 feror!
712 4053 802 4118 Nunc
816 4075 914 4141 augur
928 4053 1050 4140 Apollo,

123 4230 129 4250 Ι
211 4157 300 4223 Nunc
315 4157 426 4241 Lycia
441 4169 550 4238 sortes,
564 4180 644 4224 nunc
659 4171 690 4224 et
703 4157 783 4224 Jove
797 4161 906 4226 missus
922 4157 1048 4243 abipso
