2914 5130
198 495 253 554 tat
639 493 828 562 amoos

239 651 410 720 Porriciam
424 654 455 720 in
470 653 589 736 fluctus,
604 666 636 719 et
648 655 721 720 vina
735 654 884 740 liquentia
898 655 1036 722 lundam.

237 755 344 822 Dixit:
367 777 499 842 eumque
514 757 583 822 imis
597 757 656 822 sub
671 757 814 823 fluctibus
827 755 925 824 audiit
939 759 1037 824 omnis

237 859 408 926 Nereidum
423 860 599 944 Phorcique
614 856 738 942 chorus,
754 861 962 946 Panopeaque
976 864 1085 949 virg03
1209 873 1271 932 240

237 963 279 1030 Et
291 977 382 1050 pater
396 969 463 1050 ipse
477 987 571 1030 manu
585 963 697 1052 magni
709 965 860 1031 Portunus
876 979 999 1031 euntem

236 1067 376 1154 impulit:
399 1068 451 1133 illa
467 1067 549 1132 Noto
563 1065 653 1134 citiis
667 1069 848 1154 volucrique
863 1068 974 1158 sagitti

235 1173 286 1240 Ad
301 1186 416 1238 terram
431 1175 517 1262 fugit,
532 1187 563 1239 et
577 1187 668 1260 portu
682 1195 716 1238 se
730 1172 871 1240 condidit
885 1176 959 1240 alto.

142 1281 148 1298 “
197 1303 207 1318 ·
277 1278 359 1362 Turn
374 1291 457 1342 satus
473 1277 620 1358 Anchisia,¹
635 1281 754 1342 cunctis
771 1299 809 1342 ex
825 1300 911 1344 more
925 1281 1055 1361 vocatis,
1148 1315 1158 1334 ·
1177 1317 1185 1334 ·
1212 1315 1222 1332 ·

155 1423 160 1432 »
234 1377 396 1446 Victorem
411 1377 522 1467 magni
536 1379 688 1466 preconis
702 1399 780 1444 voce
795 1378 984 1446 Cloanthum
1206 1391 1266 1452 245

232 1481 396 1564 Declarat,
409 1481 564 1567 viridique
578 1481 704 1547 advelat
718 1494 860 1568 tempora
874 1483 982 1547 lauro:

232 1585 426 1670 Muneraque
440 1589 472 1650 in
487 1606 592 1665 naves,
607 1597 711 1650 ternos
726 1597 835 1670 optare
850 1587 1011 1672 juvencos,

232 1685 388 1772 Vinaque,
403 1700 434 1751 et
449 1691 569 1774 argenti
583 1707 726 1772 magnum
740 1685 796 1750 dat
808 1688 891 1752 serre
906 1686 1066 1754 talentum.

232 1789 310 1876 lpsis
324 1793 499 1876 praecipuos
515 1787 695 1854 ductoribus
710 1787 797 1852 addit
812 1787 967 1855 honoresz

229 1891 356 1957 Victori
370 1891 570 1978 chlamydem
586 1903 737 1972 auratam,
752 1891 992 1979 quamplurima
1006 1898 1126 1964 circum
1201 1907 1263 1964 250

231 1993 372 2080 Purpura
387 1994 550 2060 Maeandro
565 1991 681 2079 duplici
696 1991 846 2058 Meliboea
860 1996 1015 2061 cucurrit:

230 2097 429 2183 intextusque
443 2119 522 2184 puer
536 2093 683 2162 frondosi
696 2101 799 2184 regius
814 2097 871 2162 lds

228 2199 365 2267 Veloces
376 2202 482 2288 jaculo
497 2223 607 2266 cervos
621 2221 775 2286 cursuque
790 2203 908 2290 fatigat,

229 2306 323 2386 Acer,
339 2304 497 2370 anhelanti
511 2304 639 2386 similis;
660 2325 752 2390 quem
766 2327 889 2392 praepes
904 2306 946 2371 ab
961 2307 1017 2372 Ida

226 2413 399 2478 Sublimem
412 2411 547 2499 pedibus
561 2415 664 2498 rapuit
678 2412 767 2477 Jovis
782 2415 917 2500 armiger
931 2419 1039 2497 uncis3

227 2515 376 2603 Longaevi
389 2514 511 2602 palmas
524 2513 734 2598 nequidquam
750 2515 791 2580 ad
805 2516 911 2581 sidera
926 2517 1053 2584 tendunt

227 2616 391 2698 Custodes,
405 2620 554 2701 servitque
569 2637 681 2681 canum
696 2614 825 2682 latratus
841 2619 871 2683 in
886 2641 990 2686 auras.

226 2724 278 2804 At,
292 2725 345 2806 qui
360 2721 473 2787 deinde
489 2718 592 2785 locum
605 2723 703 2784 tenuit
718 2705 831 2786 virtute
845 2723 1024 2806 secundum,

226 2825 365 2892 Levibus
380 2825 451 2890 huic
467 2822 567 2888 hamis
581 2837 756 2890 consertam
771 2845 908 2909 auroque
924 2827 1054 2896 trilicem

227 2931 382 3010 Loricam,
397 2947 490 3012 quam
501 2923 653 2990 Demoleo
668 2923 850 2991 detraxerat
864 2928 930 3014 ipse

207 3034 211 3043 '
225 3035 339 3102 Victor
354 3029 436 3117 apud
451 3027 596 3114 rapidum
611 3027 767 3092 Simointa
782 3030 841 3095 sub
856 3030 913 3096 llio
928 3031 1000 3115 alto,

223 3137 330 3203 Donat
344 3133 462 3198 habere
476 3133 554 3212 viro,
568 3129 664 3194 decus
680 3143 711 3195 et
725 3143 862 3197 tutamen
876 3136 908 3200 in
923 3136 1027 3201 armis.

223 3244 289 3310 Vix
304 3241 389 3306 illam
403 3235 510 3302 famuli
526 3233 667 3323 Phegeus
679 3237 867 3324 Sagarisque
882 3241 1026 3308 serebant

223 3343 439 3430 Multiplicem,
454 3339 579 3404 connixi
595 3339 750 3420 humeris;
772 3340 894 3406 indutus
908 3356 941 3407 at
955 3344 1027 3410 olim

223 3448 391 3514 Demoleos
406 3463 498 3508 cursu
513 3440 653 3527 palantes
667 3439 770 3507 Troas
785 3442 910 3530 agebat.

222 3551 330 3616 Tertia
345 3549 428 3615 dona
442 3548 517 3613 facit
530 3551 668 3636 geminos
684 3570 724 3612 ex
738 3570 802 3614 aere
816 3548 946 3633 lebetas,

222 3654 421 3742 Cymbiaque
436 3665 565 3738 argento
579 3649 729 3737 pessecta,
744 3665 837 3736 atque
851 3675 963 3740 aspera
978 3658 1085 3744 signis.

219 3760 353 3842 Jamque
368 3754 449 3822 adeo
463 3753 568 3819 donati
583 3773 699 3834 omnes,
713 3755 885 3841 opibusque
903 3761 1040 3844 superbi,

222 3861 364 3926 Puniceis
378 3859 466 3924 ibant
481 3861 596 3922 evincti
612 3870 751 3941 tempora
766 3859 885 3938 toeniis;

219 3965 333 4047 Quum,
347 3984 431 4028 saevo
445 3985 463 4026 e
478 3962 606 4048 scopulo
620 3959 717 4026 multi
729 3963 784 4026 vix
799 3975 865 4028 arte
879 3963 1028 4047 revulsae,

220 4068 352 4132 Amissis
366 4067 470 4144 remis,
485 4077 578 4150 atque
593 4063 703 4130 ordine
717 4063 832 4132 debilis
847 4087 918 4146 uno,

219 4169 345 4235 irrisam
360 4163 558 4234 sinehonore
573 4182 672 4234 ratem
687 4169 847 4256 Sergestus
862 4169 987 4256 agebat.
