2914 5130
400 379 407 392 ⁵
423 341 428 372 l

162 508 167 535 ,
203 451 263 508 240

246 607 351 696 Hujus
365 609 395 676 in
410 607 578 677 adrentum
589 612 655 698 jam
670 635 750 678 nunc
766 627 797 680 et
811 612 930 701 Caspia
943 635 1040 703 regne

246 709 415 798 Responsis
430 712 557 786 horrent
571 714 688 796 divum,
703 717 877 782 et‘Maeotia
892 717 992 798 tellus,

126 849 129 856 .
245 811 286 880 Et
300 819 534 903 septemgemini
549 819 675 884 turbant
689 819 813 905 trepida
827 823 906 884 ostia
921 819 997 885 Nili.
1046 841 1048 846 ·
1219 829 1282 892 000

244 917 313 984 Nec
328 918 404 984 verri
418 919 547 986 Alcides
561 919 679 986 tertium
693 919 812 986 telluris
826 923 934 1002 obivit,

244 1019 365 1088 Fixerit
379 1023 548 1109 aeripedem
563 1045 690 1088 cervam
704 1023 788 1103 licet,
802 1037 856 1088 aut
871 1025 1059 1110 Erymanthi

245 1121 372 1188 Pacarit
385 1147 523 1206 nemora,
538 1137 569 1189 et
583 1124 719 1190 Lernam
734 1125 944 1190 tremefecerit
958 1147 1052 1194 arcu:

243 1225 323 1309 Nec,
337 1229 390 1314 qui
404 1230 577 1314 pampineis
592 1231 692 1293 victor
702 1229 779 1316 juga
794 1227 890 1294 flectit
905 1227 1046 1309 habenis,

242 1329 351 1413 Liber,
365 1355 460 1420 egens
474 1332 559 1398 celso
573 1333 670 1419 Nysae
684 1331 726 1396 de
740 1337 859 1397 vertice
873 1332 979 1417 tigres.
1216 1337 1277 1400 805

241 1434 283 1500 Et
297 1434 474 1500 dubitamus
488 1436 591 1502 adhuc
606 1437 752 1500 virtutem
767 1435 936 1506 extendere
951 1437 1063 1500 factis?

240 1541 304 1604 Aut
318 1551 416 1604 metus
431 1539 569 1604 Ausonii
583 1538 729 1624 prohibet
743 1539 913 1602 consistere
928 1537 1031 1602 territt

240 1642 319 1726 Quis
334 1640 443 1729 procul
458 1641 510 1706 ille
526 1653 630 1707 autem
644 1643 740 1707 ramis
755 1643 884 1728 insignis
898 1639 1000 1720 olivae,

241 1745 340 1810 Sacra
354 1746 480 1810 ferens?
501 1765 596 1808 nosco
611 1745 714 1808 crines
729 1747 904 1830 incanaque
919 1756 1023 1808 menta

240 1839 337 1936 Regis
352 1847 497 1930 Romani,
508 1851 626 1934 primus
641 1850 695 1932 qui
710 1847 830 1934 legn'bus
845 1848 956 1911 urbem
1216 1853 1276 1912 sto

239 1951 407 2032 Fundabit,
421 1952 559 2018 Curibus
573 1955 680 2038 parvis
695 1964 726 2016 et
739 1973 878 2038 paupere
894 1949 980 2014 terri

239 2054 353 2118 Missus
368 2058 400 2120 in
414 2057 578 2140 imperium
593 2074 758 2140 magnum:
780 2057 831 2118 eui
847 2052 961 2118 deinde
976 2053 1094 2119 subibit

237 2157 311 2222 Otia
326 2161 379 2244 qui
394 2171 516 2244 rumpet
530 2157 639 2243 patriar
654 2156 835 2242 residesque
850 2157 989 2221 movebit

238 2261 348 2348 Tullus
362 2264 395 2326 in
410 2282 497 2326 arma
512 2262 604 2341 viros,
620 2273 650 2326 et
659 2262 727 2348 jem
741 2259 871 2326 desueta
886 2260 1049 2347 triumphis

236 2367 388 2453 Agmina:
409 2387 502 2451 quern
513 2367 604 2452 juxta
618 2368 757 2450 sequitur
767 2367 937 2453 jactantior
951 2367 1069 2446 Ancus,
1213 2369 1273 2434 815

236 2471 329 2538 Nunc
343 2491 467 2557 quoque
478 2471 545 2557 jam
559 2468 686 2534 nimiirm
700 2469 840 2557 gaudens
854 2469 1057 2556 popularibus
1072 2471 1168 2538 auris.

234 2574 296 2640 Vis
311 2585 343 2638 et
356 2573 544 2660 Tarquinios
558 2594 659 2660 reges,
671 2575 869 2660 animamque
883 2575 1051 2661 superbam

235 2674 355 2745 Ultoris
371 2676 469 2757 Bruti,
483 2677 648 2762 fascesque
662 2676 774 2742 videre
787 2693 931 2765 receptos
943 2683 955 2743 i

234 2779 379 2846 Consulis
394 2781 559 2864 imperium
574 2778 626 2843 bic
642 2779 758 2865 primus
773 2803 936 2867 saevasque
950 2805 1075 2849 secures

234 2882 398 2968 Accipiet3
419 2893 570 2966 natosque
585 2893 685 2968 pater,
700 2903 782 2948 nova
796 2882 882 2950 bella
896 2893 1066 2968 moventes,
1212 2895 1274 2956 820

234 2986 284 3054 Ad
299 3005 424 3072 poenam
438 2983 570 3070 pulchris
584 3007 641 3071 pro
657 2985 803 3051 libertate
818 2989 956 3053 vocabit.

234 3089 364 3157 infelix!
386 3101 553 3174 utcumque
568 3089 667 3154 ferent
683 3111 721 3155 ea
735 3092 819 3156 facta
834 3093 979 3175 minores,

232 3193 352 3262 Vincet
366 3214 454 3258 emor
467 3193 587 3278 patriae,
597 3191 785 3280 laudumque
801 3194 949 3263 immensu
963 3197 1089 3284 cupido.

232 3300 316 3382 Quin
331 3297 457 3378 Decios,
472 3295 654 3383 Drusosque
668 3298 787 3384 procul,
802 3321 980 3388 saevumque
994 3305 1097 3368 securi

224 3379 369 3488 'A'dspice
384 3399 588 3484 Torquatum,
603 3413 633 3464 et
648 3401 834 3466 referentem
849 3402 935 3490 signa
950 3402 1130 3473 Camillum.
1207 3413 1266 3472 006

232 3504 295 3572 Ille
310 3516 423 3586 autem,
437 3503 566 3590 paribus
582 3523 660 3588 quas
675 3503 794 3591 fulgere
808 3498 910 3570 cernis
924 3510 956 3572 in
971 3509 1076 3590 minis,

232 3606 415 3675 Concordes
430 3606 539 3672 animae
554 3627 645 3686 nunc,
660 3619 690 3670 et
704 3606 779 3672 dum
793 3621 884 3673 nocte
899 3625 1089 3695 prementur,

232 3713 327 3778 Heu!
350 3723 497 3796 quantum
512 3710 593 3773 iuter
608 3729 642 3773 se
655 3707 783 3788 bellum,
797 3711 824 3773 si
838 3707 946 3775 limina
961 3712 1033 3777 vitre

231 3815 408 3902 Attigerint,
421 3825 554 3899 quantas
569 3815 654 3877 acies
668 3824 865 3899 stragemque
879 3813 1018 3896 ciebunt,

228 3905 405 4006 'Aggeribus
419 3901 510 3981 socer
524 3914 645 4002 Alpinis
656 3929 753 4000 'atque
769 3935 842 3979 arce
857 3915 995 3982 Monoec'i
1168 3991 1174 4000 ¹
1202 3925 1263 3988 030

229 4019 444 4101 Descendens,
457 4041 554 4107 gener
568 4019 708 4086 adversis
722 4021 888 4084 instructus
903 4019 995 4084 Eois!

228 4127 291 4208 Ne,
303 4127 403 4211 pueri,
417 4143 456 4190 ne
471 4135 557 4188 tauta
570 4123 682 4194 animis
695 4122 863 4190 assuescite
877 4121 981 4210 bella,
