2914 5130
166 521 226 584 m
610 521 800 584 munos

212 679 381 766 Postquam
395 677 481 746 ithus
495 679 559 746 vid
573 680 674 751 victor
688 679 834 768 spoliavit
847 680 997 765 Achilles,

211 781 376 850 Dardanio
391 777 495 848 AEnea
509 803 578 850 seso
592 784 775 853 fortissimus
790 783 882 850 heros

207 885 385 956 Addiderat
400 890 528 970 socium,
542 910 603 954 non
618 888 766 954 inferiora
780 902 915 954 secutus.

209 993 273 1058 Sed
288 1007 352 1057 tum
365 992 448 1064 forte
461 992 541 1058 cart
554 992 629 1058 dum
643 1006 790 1080 personat
805 1011 929 1078 equora
944 991 1077 1075 conehd,

208 1095 356 1176 Demens,
372 1109 402 1162 et
416 1109 509 1162 cantu
523 1110 616 1162 vocat
629 1099 661 1162 in
671 1100 845 1162 certamina
859 1095 969 1179 divos3

208 1197 349 1264 AEmutus
362 1213 528 1286 exceptum
543 1199 654 1266 Triton
667 1197 708 1282 (si
722 1199 855 1266 credere
869 1200 997 1289 dignum
1007 1207 1075 1287 est)

208 1301 293 1367 Inter
307 1323 385 1367 saxa
399 1306 501 1368 virum
516 1301 661 1389 spumosa
675 1305 870 1373 immerserat
884 1303 980 1370 unda.

179 1463 182 1499 ,
207 1401 293 1493 Ergo
306 1427 413 1472 omnes
428 1428 540 1494 magno
554 1405 675 1472 clrcdm
689 1407 827 1477 clamore
842 1407 1029 1488 tremebant,
1070 1363 1085 1469 d

180 1502 454 1595 'Precipudpius
469 1509 597 1576 AEneas.
640 1509 722 1574 Tum
733 1511 821 1596 jussa
836 1508 978 1596 Sibytlae,
1190 1517 1195 1528 '

77 1659 80 1665 Α
207 1609 306 1676 Haud
320 1631 418 1692 mora,
433 1612 720 1694 festinantflentes3
742 1633 892 1698 namque
905 1613 1042 1700 sepulcri

207 1711 386 1802 congerere
401 1715 576 1795 arboribus,
590 1715 734 1802 caeloque
748 1714 884 1784 educere
898 1728 1031 1784 certant.

206 1815 273 1883 Itur
286 1817 317 1882 in
332 1818 491 1903 antiquam
505 1817 627 1900 silvam,
641 1819 765 1884 stabula
780 1817 844 1886 alta
858 1821 1015 1886 ferorum:

207 1915 419 1988 procumbunt
432 1925 532 2008 piceas
544 1947 553 2002 3
574 1936 663 1988 sonat
677 1923 740 1989 icta
751 1925 913 1990 securibus
926 1923 1010 2005 ilex;

206 2025 434 2112 Frexineaeque
448 2027 565 2110 trabes,
579 2032 687 2095 cuneis
702 2042 733 2094 et
748 2029 841 2096 fissile
855 2029 953 2095 robur

206 2132 382 2214 Scinditur3
403 2130 574 2200 advolvunt
587 2137 727 2223 ingentes
741 2134 896 2200 montibus
909 2155 1014 2202 ornos.

205 2236 274 2303 Nec
288 2260 349 2304 non
366 2235 481 2303 AErreas
494 2259 593 2325 opera
608 2243 689 2305 inter
703 2239 778 2304 talis
791 2239 909 2326 primus

205 2341 361 2408 Hortatur
375 2345 486 2423 socios,
501 2343 691 2429 paribusque
706 2346 880 2431 accingitur
894 2345 1007 2410 armis:

204 2437 308 2534 Atque
322 2445 391 2512 hoe
406 2450 474 2532 ipse
487 2465 543 2509 suo
557 2446 638 2509 tristi
651 2459 722 2510 eum
736 2445 834 2512 corde
848 2444 976 2527 volutat,

203 2547 400 2636 Adspeetans
415 2546 525 2612 silvam
541 2547 730 2627 immensam,
746 2550 836 2614 etsie
851 2571 930 2614 voce
944 2563 1111 2636 precatur:

204 2653 238 2716 si
253 2671 334 2716 nunc
349 2671 382 2716 se
397 2649 488 2714 nobis
502 2647 556 2713 ills
571 2669 684 2714 aureus
699 2651 814 2717 arbore
829 2673 934 2718 ramus
1043 2707 1045 2714 ,

203 2749 357 2818 Ostendat
371 2771 498 2816 nemore
513 2752 545 2815 in
561 2753 664 2816 tanto!
686 2753 813 2835 quando
827 2757 931 2822 omnia
944 2758 1030 2839 vere,

204 2853 298 2920 Heu!
321 2849 450 2918 nimidm
464 2851 505 2916 de
519 2863 549 2916 te
564 2865 661 2934 vates,
676 2853 807 2936 Misene,
822 2857 927 2924 locuta
942 2873 999 2924 est.
1109 2914 1114 2924 .

203 2949 270 3026 vix
284 2956 418 3022 casatus
432 2968 509 3037 erat,
523 2957 653 3044 gemines
667 2981 763 3045 quum
778 2963 858 3027 sorte
873 2962 1027 3030 columba

202 3062 276 3148 Ipsa
289 3060 348 3125 sub
362 3081 419 3124 ora
433 3063 494 3124 viri
508 3058 589 3126 coslo
604 3061 720 3128 vendre
734 3063 885 3148 volantes,

202 3163 244 3230 Et
257 3159 350 3227 viridi
365 3160 477 3227 sedere
491 3161 569 3228 solo.
612 3163 694 3230 Tum
708 3169 863 3232 maximus
879 3168 972 3234 heros

201 3265 363 3332 Maternus
378 3265 516 3353 agnoscit
531 3287 615 3348 aves,
630 3266 781 3354 letusque
794 3285 960 3356 precanu:

201 3371 276 3437 Este
291 3369 397 3451 duces,
411 3393 441 3452 o,
455 3371 482 3436 si
496 3393 559 3457 qua
573 3373 625 3436 via
639 3385 697 3453 est,
710 3395 899 3460 cursumque
913 3397 971 3460 per
985 3397 1079 3443 aures

200 3465 334 3562 Dirigite
349 3473 380 3539 in
395 3471 481 3538 lucos
495 3473 550 3540 ubi
564 3477 710 3562 pinguem
725 3476 813 3542 dives
827 3491 941 3563 opacat

201 3576 320 3642 Remus
335 3575 473 3642 humum.
517 3575 638 3662 Tuque,
652 3600 682 3658 o,
695 3577 802 3644 dubiis
815 3601 856 3646 ne
869 3581 971 3646 defice
984 3583 1090 3665 rebus,

198 3677 285 3746 Diva
299 3701 423 3765 parens.
457 3677 520 3745 sic
535 3677 653 3762 effatus,
667 3685 799 3770 vestigia
813 3689 936 3770 pressit,

199 3779 381 3846 observans
395 3799 464 3864 quse
479 3781 567 3867 signa
581 3783 692 3863 terant,
706 3782 770 3869 qud
783 3784 913 3850 tendere
927 3800 1070 3874 pergant.

201 3885 366 3948 Pascentes
380 3881 438 3947 ille
452 3883 571 3952 tantdm
585 3885 712 3972 prodire
727 3885 862 3954 votando

198 3983 355 4070 Quantfrm
370 3989 437 4052 acie
452 4003 576 4074 possent
591 3991 673 4056 oculi
686 4011 813 4058 servare
827 3995 1023 4079 sequentdm.

197 4085 287 4166 Inde,
300 4087 355 4154 ubi
368 4089 484 4156 vendre
497 4093 540 4158 ed
555 4093 661 4160 fauces
674 4095 882 4183 graveolentis
896 4100 1025 4181 Averni,

198 4187 327 4258 Tollunt
340 4215 374 4260 se
388 4191 533 4276 celeres,
548 4195 766 4287 liquidumque
779 4221 838 4286 per
851 4203 929 4268 aera
944 4201 1051 4290 lopus,
