2914 5130
190 480 261 546 „184
540 419 544 428 ·
641 473 836 538 'AEnsstnos

245 631 332 696 Hinc
346 629 423 695 mibi
437 625 584 714 Massyla
598 632 700 715 gentis
713 639 882 693 monstrata
896 627 1054 710 sacerdos,

243 734 458 821 Hesperidum
472 732 578 819 templi
593 746 706 812 custos,
721 731 892 820 epulasque
906 731 1037 798 draconi

244 837 322 921 Qum
336 837 443 918 dabat,
457 849 488 902 et
502 857 608 900 sacros
622 836 769 900 servabat
783 839 816 900 in
829 835 942 900 arbore
958 857 1072 916 ramos,

245 941 401 1027 Spargens
416 938 545 1005 humida
559 935 653 1003 mella
666 939 933 1024 soporiferumque
948 959 1100 1024 papaver.

244 1041 327 1107 Haec
342 1065 377 1107 se
390 1041 580 1106 carminibus
593 1043 745 1125 promittit
758 1039 881 1104 solvere
895 1053 1014 1104 mentes

242 1146 329 1228 Quas
344 1147 430 1227 velit,
444 1159 492 1210 ast
506 1143 576 1210 aliis
590 1143 686 1234 duras
700 1145 864 1209 immittere
878 1165 991 1224 curas3

232 1251 361 1314 'Sistere
375 1270 490 1340 aquam
504 1247 617 1327 fluviis,
632 1260 663 1310 et
676 1261 799 1311 vertere
814 1246 919 1311 sidera
932 1261 1037 1311 retror

243 1351 481 1438 Nocturnosque
495 1356 558 1417 ciet
573 1351 703 1416 Manes:
726 1352 844 1436 mugire
858 1350 982 1415 videbis

243 1455 310 1520 Sub
323 1453 458 1542 pedibus
471 1468 597 1535 terram,
611 1465 644 1517 et
656 1453 851 1518 descendere
865 1455 1020 1520 montibus
1033 1477 1137 1521 ornos.

220 1546 229 1568 '
242 1557 364 1639 Testor,
377 1579 463 1638 cara,
477 1557 563 1638 deos,
577 1569 608 1620 et
622 1568 663 1637 te,
676 1578 835 1642 germana,
850 1570 996 1642 tuumque

241 1659 346 1724 Dulce
359 1673 464 1745 caput,
478 1663 616 1745 magicas
631 1660 759 1724 invitam
774 1663 933 1748 accingier
948 1673 1042 1725 artes.

240 1761 292 1858 'lb
306 1777 428 1828 secreta
441 1785 554 1850 pyram
569 1759 651 1827 tecto
666 1763 813 1828 interiore
827 1765 886 1829 sub
901 1785 994 1829 auras

241 1867 356 1954 Erige;
378 1881 409 1932 et
423 1889 511 1933 arma
524 1869 595 1948 viri,
610 1867 748 1933 thalamo
763 1888 832 1954 qua
847 1869 912 1932 fixa
925 1869 1052 1954 reliquit

195 1969 201 1984 '
241 1969 367 2056 Impius,
382 1974 575 2056 exuviasque
588 1992 705 2052 omnes,
720 1961 896 2056 lectumque
906 1971 1055 2058 jugalem,

240 2073 311 2156 Quo
325 2074 416 2159 perii,
430 2073 676 2158 superimponas.
719 2072 857 2137 Abolere
872 2073 999 2138 nefandi

240 2173 364 2240 Cuncta
378 2175 438 2238 viri
453 2185 650 2240 monumenta
659 2175 751 2261 jubet
765 2189 976 2261 monstratque
988 2174 1147 2242 sacerdos.

239 2279 320 2344 Huc
336 2277 429 2344 effata
442 2277 524 2343 silet.
570 2277 680 2342 Pallor
687 2278 778 2342 simul
792 2291 927 2364 occupat
940 2299 1006 2343 ora

238 2381 312 2450 Non
326 2396 429 2448 tamen
443 2385 535 2447 Anna
548 2385 637 2446 novis
650 2395 826 2466 praetexere
841 2383 951 2447 lunera
966 2384 1065 2448 sacris

238 2487 429 2552 Germanam
443 2484 553 2565 credit,
567 2505 626 2548 nec
641 2497 742 2548 tantos
756 2499 858 2550 mente
872 2487 992 2551 fruores

238 2589 397 2674 Concipit,
411 2601 464 2652 aut
477 2591 625 2673 graviora
639 2590 726 2652 timet
741 2589 833 2673 quim
847 2603 946 2656 morte
962 2590 1101 2678 Sychaei.

238 2691 324 2778 Ergo
333 2692 422 2777 jussa
436 2701 537 2776 parat.

280 2795 323 2858 At
337 2796 455 2880 regina,
468 2791 552 2880 pyri
565 2791 719 2878 peneuali
733 2797 765 2859 in
779 2795 855 2862 sede
870 2798 928 2862 sub
943 2819 1036 2863 auras

237 2897 353 2964 Erectfi
367 2897 491 2986 ingenti,
505 2895 595 2961 taedis
610 2910 702 2984 atque
718 2898 789 2966 ilice
804 2900 899 2983 secti,

238 2998 434 3085 Intenditque
449 2999 552 3064 locum
565 3003 666 3082 sertis,
681 3013 712 3065 et
725 3002 836 3068 lronde
851 3018 979 3070 coronat

237 3102 396 3168 Funereti:
420 3123 514 3188 super
529 3106 668 3184 exuvias,
683 3126 850 3191 ensemque
865 3106 1016 3190 relictum,

236 3204 440 3292 Effigiemque
455 3217 523 3268 toro
538 3202 630 3285 locat,
645 3205 730 3270 baud
745 3211 856 3294 ignara
870 3209 974 3272 futuri.

237 3307 326 3372 Stant
341 3327 406 3371 aroe
420 3303 560 3387 circdm3
582 3319 612 3371 et
626 3308 727 3372 crines
743 3308 840 3374 effirsa
854 3309 1002 3374 sacerdos

234 3413 300 3478 Ter
314 3425 439 3477 centum
453 3423 539 3476 tonat
553 3433 608 3475 ore
623 3410 709 3492 deos,
724 3413 934 3500 Erebumque,
945 3413 1122 3502 Chaosque,

235 3514 518 3601 Tergeminamque
534 3513 691 3596 Hecaten,
707 3518 769 3579 uia
782 3520 912 3606 virginis
926 3539 982 3582 ora
996 3517 1117 3585 Diana.

236 3617 402 3702 Sparserat
417 3629 448 3681 et
463 3614 572 3682 latices
587 3615 746 3680 simulatos
760 3618 853 3690 fontis
868 3623 998 3685 Averni.

234 3719 384 3784 Falcibus
398 3731 430 3784 et
444 3741 552 3784 messae
567 3718 609 3783 ad
623 3717 728 3783 lunam
742 3736 923 3803 quaeruntur
938 3724 1047 3788 ahenis

236 3822 391 3888 Pubentes
406 3822 525 3904 herba,
538 3823 619 3910 nigri
632 3843 703 3887 cum
718 3821 800 3888 lacte
815 3829 938 3889 veneni.

231 3924 390 4007 Quaritur
402 3939 434 3990 et
448 3931 604 3992 nascentis
619 3928 690 4014 equi
704 3925 744 3992 de
759 3928 859 3992 lronte
873 3929 1015 3996 revulsus

235 4027 275 4090 Et
288 4032 379 4092 matri
394 4035 566 4115 praereptus
581 4052 679 4097 amor.

235 4129 307 4196 lusa
321 4131 413 4214 moli,
426 4133 631 4220 manibusque
645 4137 715 4221 piis,
729 4135 839 4202 altaria
850 4137 949 4224 juxta,
