2956 5132
179 481 237 544 trs
617 467 806 532 MDOS

215 625 384 711 Obstupuit
398 619 488 689 simul
503 625 581 708 ipse,
593 621 685 688 simtd
699 641 867 708 percussus
879 621 1020 690 Achates

215 727 403 814 Letidique
418 739 584 810 metuque:
606 723 692 790 avidi
707 726 896 812 conjungere
908 723 1041 792 dextr-as

215 829 398 910 Ardebant,
419 828 475 894 sed
489 849 541 894 res
555 829 674 892 animos
688 830 845 914 incognita
860 829 977 894 tmbat.

215 931 438 1010 Dissimulant3
460 943 491 996 et
505 930 587 994 nube
601 927 683 994 cavi
695 928 896 1015 speculantur
910 933 1027 1012 amicti,

214 1033 294 1118 Qum
308 1035 430 1099 fortuna
445 1035 531 1110 viris,
545 1029 677 1096 classem
692 1052 755 1116 quo
770 1031 875 1098 littore
890 1031 1040 1118 linqusnt,

215 1136 300 1220 Quid
315 1140 458 1214 venian13
479 1137 599 1198 cunctis
613 1155 685 1199 uam
700 1134 773 1200 lecti
788 1135 922 1202 navibus
936 1137 1026 1202 ibant

214 1238 349 1304 Oranter
364 1239 498 1318 veniam,
512 1247 544 1300 et
558 1234 704 1322 templum
718 1236 858 1302 clamore
871 1237 1034 1322 petebant.

258 1343 425 1426 Postquam
438 1343 628 1426 introgressi,
642 1351 673 1404 et
687 1339 793 1404 cordm
807 1339 883 1404 data
897 1343 992 1424 copie
1004 1339 1104 1421 fandi,
1181 1347 1243 1408 520

215 1442 373 1508 Maximus
389 1441 521 1506 Ilioneus
535 1439 662 1527 placido
676 1443 722 1504 sic
736 1453 865 1525 pectore
879 1443 994 1524 ooepit:

215 1545 246 1610 Ο
259 1550 377 1632 regina,
392 1567 505 1611 novam
519 1547 571 1610 cui
585 1541 723 1608 condere
736 1543 861 1629 Jupiter
874 1543 996 1623 urbem,

213 1649 402 1734 Justitiaqne
415 1647 503 1712 dedit
516 1659 624 1734 gentes
638 1647 770 1710 irenam
784 1646 948 1731 superbas,

214 1751 315 1818 Trois
330 1766 360 1816 te
375 1754 490 1831 miseri,
504 1753 605 1815 ventis
619 1751 721 1814 maria
733 1750 839 1812 omnia
853 1749 947 1827 vecti,

212 1855 364 1922 Oramus:
386 1853 520 1940 prohibe
534 1851 856 1918 infandossnavibus
870 1855 968 1938 ignes,
1180 1861 1239 1920 525

215 1959 315 2024 Parce
330 1961 384 2043 pio
396 1957 514 2042 generi,
528 1968 560 2019 et
573 1951 701 2042 propiis
716 1975 767 2020 res
782 1952 911 2040 adspice
925 1966 1059 2022 metrae

213 2061 286 2128 Non
300 2082 355 2126 nos
371 2072 423 2124 aut
437 2060 521 2124 ferro
536 2058 680 2145 Libycos
693 2057 845 2144 populare
861 2057 995 2124 Penates

214 2165 377 2241 Venimus,
392 2174 443 2226 aut
457 2176 564 2249 raptas
579 2160 621 2227 ad
636 2161 741 2227 littora
755 2173 878 2226 vertere
891 2159 1035 2247 prodest

215 2267 286 2348 Nun
300 2289 339 2332 ea
353 2270 401 2332 vis
416 2270 530 2347 animo,
545 2287 602 2330 nec
619 2278 705 2332 tanta
732 2264 883 2351 superbia
897 2267 1003 2330 victis.

214 2372 272 2438 Est
286 2371 381 2450 locus,
397 2371 589 2455 Hesperiam
603 2369 694 2432 Graii
708 2371 893 2453 cognomine
906 2365 1024 2448 dicrum
1180 2375 1240 2434 5³0

214 2474 317 2540 Terra
333 2475 470 2556 antiqua,
485 2484 595 2554 potens
610 2471 705 2534 armis
720 2482 815 2552 atque
830 2469 928 2535 ubere
938 2469 1062 2557 glebae3

213 2575 337 2640 OEnotri
352 2570 479 2638 coluere
489 2573 568 2636 viri:
590 2591 671 2636 nunc
685 2570 769 2636 tama
783 2573 919 2638 minores

215 2677 337 2744 ltaliam
351 2675 480 2754 dixisse,
494 2671 584 2738 ducis
598 2671 641 2738 de
653 2676 788 2755 nomine,
801 2687 938 2762 gentem.

215 2779 291 2848 Huc
305 2799 414 2844 cursus
426 2777 503 2842 nur:
718 2865 721 2870 ι

215 2883 318 2969 Quum
332 2880 435 2946 subiti
449 2900 613 2967 asmugens
627 2878 723 2946 fluctu
736 2880 1011 2948 nimbosusssrion
1180 2891 1239 2949 ⁵35

214 2991 251 3058 in
265 2989 347 3056 vada
361 3001 449 3054 coca
462 2987 541 3068 tulit,
556 2984 742 3073 penitisque
754 2989 945 3073 procacibus
958 2993 1083 3056 Aaou

215 3095 338 3179 Perque
351 3090 461 3172 undas,
475 3103 641 3176 superante
656 3088 733 3170 salo,
746 3111 866 3176 perque
880 3093 967 3156 inuis
980 3111 1067 3173 saxa,

213 3193 370 3282 Dispulitz
393 3193 454 3259 huc
467 3197 563 3279 pauci
578 3195 691 3258 vestris
705 3191 889 3266 adnavimus
902 3198 979 3262 oris.

213 3297 308 3383 Quod
321 3319 418 3385 genus
433 3296 493 3362 hoc
508 3295 676 3378 hominum,
687 3297 888 3382 quevehunc
899 3311 963 3364 tem
974 3301 1112 3368 barim
1126 3319 1242 3368 morem

214 3401 369 3467 Permittit
383 3403 505 3487 patriai
526 3398 662 3486 hospitio
676 3398 880 3486 prohibemur
894 3421 1017 3467 mente:
1181 3407 1240 3467 540

216 3503 307 3570 Bella
321 3507 414 3584 cient,
427 3502 592 3591 primique
606 3514 712 3567 vetant
726 3505 898 3570 consistere
913 3503 1010 3569 terri.

216 3606 251 3670 Si
265 3627 361 3693 genus
376 3603 543 3670 humanum
558 3615 589 3667 et
603 3601 746 3668 mortalia
761 3609 897 3670 temnitis
913 3621 1009 3685 mma,

144 3731 145 3736 ¹
216 3711 259 3774 tt
272 3721 396 3794 sperate
411 3707 488 3772 deos
502 3727 655 3772 memores
670 3707 756 3772 sandi
772 3722 865 3794 atque
880 3707 1018 3775 nefandi.

218 3809 291 3875 Rex
306 3824 373 3874 erat
389 3809 503 3876 AEneas
516 3808 617 3888 nobis,
632 3829 694 3893 quo
703 3812 817 3896 justior
831 3809 910 3875 alter

218 3911 286 3978 Nec
301 3914 417 3996 pietate
432 3913 498 3992 fuit,
512 3933 572 3977 nec
586 3911 670 3977 bello
685 3915 784 4000 major
798 3927 829 3977 et
846 3915 960 3976 armis:
1183 3921 1242 3976 545

218 4017 320 4099 Quem
335 4018 361 4079 si
376 4015 440 4079 sata
453 4019 555 4080 virum
569 4029 703 4102 servant,
717 4019 745 4081 si
758 4020 895 4082 vescitur
909 4015 986 4080 euri

154 4151 159 4158 ·
222 4117 370 4198 AEtherii,
384 4139 486 4202 neque
501 4118 605 4186 adhuc
619 4119 801 4188 crudelibus
814 4120 948 4187 occubat
963 4120 1091 4200 umbris,
