2914 5130
653 521 771 584 ussit
790 523 828 584 l'²

246 681 387 761 interior,
402 677 565 766 spatioque
579 677 663 743 subit
677 678 839 764 Sergestus
853 678 970 763 iniquo,

245 783 358 850 Infelix
373 784 458 848 sexis
473 784 505 848 in
517 782 773 869 procurrentibus
787 781 887 848 hesit.

244 889 415 954 Concussae
429 899 548 968 centes,
562 900 594 950 et
608 887 877 952 ecutoinmurice
891 887 970 952 remi
1219 889 1282 948 20³

245 993 362 1058 Obnixi
372 991 540 1078 crepuere,
550 989 696 1074 illiusque
709 1005 803 1075 prore
817 989 978 1076 pependit·

246 1095 444 1182 Consurgunt
459 1107 572 1176 neuim,
586 1106 617 1159 et
630 1115 744 1179 magno
757 1092 895 1158 clamore
909 1104 1088 1164 morantiis:

218 1188 454 1283 'Ferretasque
468 1196 575 1262 trudes
589 1209 621 1262 et
634 1193 728 1262 acuti
741 1194 872 1280 stupide
885 1207 994 1262 contos
1197 1229 1226 1280 s

246 1301 446 1388 Erpediun13
466 1301 645 1384 fractosque
660 1298 764 1385 legunt
778 1299 810 1364 in
823 1301 945 1384 gurgite
958 1320 1071 1366 remos·

187 1431 193 1446 ·
246 1411 286 1470 At
301 1405 390 1469 letus
406 1401 597 1483 Mnestheus,
612 1421 821 1486 successuque
836 1404 1033 1487 aerioripso‚
1217 1404 1280 1466 21⁰

246 1507 376 1596 Agmine
391 1527 546 1572 remorum
560 1505 668 1584 celeri,
682 1506 845 1589 ventisque
858 1507 989 1585 vocetis,

246 1609 348 1675 Prona
362 1609 439 1694 petit
453 1609 562 1688 merie,
576 1621 608 1672 et
621 1607 735 1694 pelago
749 1605 889 1674 decturit
903 1619 1024 1694 aperto.

244 1711 354 1795 Qualis
368 1709 519 1797 speluncis
530 1708 634 1776 subito
647 1722 802 1776 commotu
815 1709 971 1790 columbe,

244 1813 306 1878 Cui
320 1812 431 1878 domus
445 1827 476 1878 et
490 1811 600 1898 dulces
614 1811 771 1878 latebroso
785 1813 816 1878 ln
830 1813 953 1899 pumice
963 1809 1039 1892 nidi,

245 1915 358 1980 Fertur
371 1916 404 1980 iu
417 1937 496 1980 erue
511 1915 630 1997 volens,
643 1915 846 2000 plausumque
861 1918 1012 1984 exterrita
1025 1918 1138 2001 pennis
1217 1917 1279 1982 21⁵

244 2017 310 2085 Dat
324 2031 407 2084 tecto
422 2019 596 2105 ingentem
617 2039 691 2084 mox
706 2021 781 2084 sire
795 2017 885 2103 lepsa
898 2019 1013 2102 quieto,

247 2121 343 2187 Radit
357 2123 417 2186 iter
430 2119 591 2206 liquidum,
604 2121 726 2188 celeres
739 2141 841 2206 neque
855 2133 1030 2190 commovet
1043 2121 1129 2188 elus:

245 2227 298 2291 Sic
313 2223 506 2304 Mnestheus,
519 2226 565 2290 sic
579 2225 649 2310 ipsa
662 2223 736 2312 iugi
749 2237 837 2292 secet
850 2224 959 2290 ultim
973 2224 1081 2292 Pristis

245 2327 402 2414 AEquora3
423 2327 468 2393 sic
482 2326 567 2392 illem
580 2327 643 2392 fert
655 2330 789 2413 nuperus
802 2329 869 2414 ipse
883 2327 1051 2396 volentem

244 2432 286 2498 Et
299 2429 432 2518 primum
445 2433 477 2496 in
491 2429 620 2516 scopulo
635 2429 802 2496 lectantem
814 2429 1010 2496 deseritelto
1215 2436 1278 2496 220

244 2537 431 2622 Sergestum,
446 2533 656 2616 brevibusque
670 2532 770 2614 vedis,
784 2533 959 2618 irusueque
974 2543 1137 2604 vocantem

243 2637 382 2718 Auxilia,
396 2649 428 2701 et
441 2636 550 2702 trectis
561 2633 736 2702 discentem
749 2657 876 2710 currere
889 2635 995 2702 remis.

244 2741 321 2807 inde
335 2742 431 2827 Gyan
446 2739 738 2826 ipsamqueingenti
751 2739 833 2806 mole
846 2737 1038 2806 Chimaersm

243 2845 454 2930 Consequitur
464 2863 472 2904 t
494 2841 589 2922 cedit,
602 2845 748 2927 quoniam
760 2841 895 2928 spoliata
908 2845 1056 2929 megistro
1070 2855 1128 2929 est.

242 2948 334 3015 Solus
343 2951 472 3036 jamque
486 2947 555 3032 ipso
567 2958 710 3031 superest
723 2948 756 3010 in
770 2945 830 3010 fine
845 2944 1037 3025 Cloanthum
1202 2951 1277 3026 ‚225

242 3052 345 3136 Quem
359 3050 445 3136 petit,
460 3061 491 3114 et
504 3045 632 3114 summis
644 3033 779 3114 elluixus
793 3045 911 3114 vitibus
925 3059 1025 3134 urget.

242 3155 325 3220 Tum
340 3153 417 3219 vero
429 3151 600 3240 ingeminet
610 3149 738 3230 chent,
751 3150 917 3234 cunctique
927 3161 1108 3233 sequentem

243 3257 392 3344 instigent
406 3253 524 3335 studiis,
536 3265 724 3336 resonetque
738 3252 914 3340 iugeribus
927 3249 1037 3318 esther.

242 3359 291 3424 Hi
304 3359 466 3444 proprium
480 3355 578 3424 dectus
591 3367 760 3442 otpertum
773 3356 972 3444 indignentur
986 3354 1135 3422 honorem

241 3461 285 3528 Ni
298 3473 433 3541 teneant,
446 3463 606 3545 vitemque
620 3459 727 3526 volunt
740 3481 799 3546 pro
813 3459 905 3526 leude
919 3462 1050 3548 pacisci.
1214 3467 1277 3526 230

242 3563 313 3630 ilos
328 3583 489 3630 successus
504 3561 578 3628 elit:
599 3575 736 3649 munt,
748 3564 823 3647 quie
835 3585 928 3648 posse
942 3563 1097 3634 videntur.

241 3667 284 3733 Et
296 3668 361 3732 fors
374 3666 505 3752 equatio
517 3668 675 3752 cepissent
688 3667 815 3752 premis
828 3670 948 3746 rostris,

239 3767 284 3834 Ni
298 3767 419 3854 palmes
432 3781 528 3854 ponto
542 3765 672 3836 tendens
685 3780 834 3852 utresque
848 3765 1022 3836 Cloanthum
1150 3813 1153 3820 -

240 3869 447 3956 Fudissetque
460 3893 582 3958 preces,
595 3870 749 3956 (uscue
762 3873 796 3936 ie
811 3883 884 3936 vote
898 3869 1041 3938 uouisset
1054 3895 1063 3936 ε

237 3973 287 4038 Di
301 3972 415 4058 quibus
428 3974 592 4061 impet-ium
605 3986 653 4040 eet
666 3971 780 4060 pelagi,
794 3993 926 4058 quor-sm
940 3993 1067 4058 equore
1080 3995 1183 4058 curro,
1213 3982 1279 4040 285

238 4075 345 4142 Vobis
359 4073 447 4140 letus
461 4098 519 4164 ego
533 4076 596 4144 hee
608 4075 795 4144 candentem
809 4075 840 4142 in
854 4073 957 4142 littore
971 4090 1092 4146 taurum

239 4174 436 4242 Constiorem
451 4189 523 4244 aute
537 4199 621 4260 eras,
633 4178 698 4246 voti
710 4197 794 4260 reus,
807 4189 943 4264 extaque
957 4179 1054 4246 sulem
