2956 5132
678 497 794 560 LIBER
815 499 850 556 ll.

263 665 305 732 Et
318 659 412 728 salse
425 659 538 744 fruges,
553 667 584 718 et
598 651 717 716 circum
731 664 873 736 tempora
887 651 983 716 vitto.

264 764 387 852 Eripuq
400 762 511 839 fateor,
526 758 588 852 leto
602 776 662 835 me,
677 767 707 818 et
722 752 846 818 vincula
860 754 948 839 rupi3
1301 823 1302 828 γ

260 869 450 950 Limosoque
465 862 537 926 lacu
552 881 609 944 per
622 869 745 921 noctem
759 854 909 919 obscurus
924 855 953 918 in
969 852 1041 918 ulvb
1242 860 1299 918 135

262 968 389 1047 Delitui,
403 967 477 1031 dum
490 962 573 1041 vela,
587 959 698 1024 darent
712 957 738 1022 si
752 954 1024 1036 lortbsdedissent.

261 1073 294 1138 N
295 1094 331 1136 ec
345 1070 418 1136 mibi
427 1071 495 1156 jum
508 1065 642 1152 patriam
657 1061 816 1146 antiquam
830 1079 902 1144 spes
916 1057 979 1124 ulla
994 1056 1129 1139 videndi,

264 1173 331 1240 Nec
346 1171 455 1236 dulces
469 1181 568 1248 natos,
578 1177 819 1250 exoptatumque
834 1173 1017 1247 parentem

262 1278 346 1360 Quos
360 1275 406 1339 illi
421 1274 487 1338 sors
501 1270 542 1338 ad
556 1291 664 1358 poeuus
679 1269 721 1333 ob
735 1279 841 1333 nostra
855 1280 1019 1352 reposcent

260 1379 400 1466 Effirgia3
422 1389 454 1441 et
468 1375 590 1462 culpem
605 1373 686 1438 banc
701 1371 883 1436 miserorum
898 1382 996 1434 morte
1010 1370 1150 1454 piabunt.
1239 1373 1299 1434 140
1423 1447 1427 1458 Ι

260 1481 353 1564 Quod
367 1496 409 1562 te,
417 1501 476 1567 per
490 1498 620 1565 superos
631 1489 663 1540 et
675 1474 802 1563 conscie
811 1473 941 1539 'numina
957 1473 1033 1553 veri,

262 1584 333 1664 Per,
342 1585 367 1648 si
378 1605 440 1668 qua
450 1593 497 1648 est
511 1601 581 1667 quae
597 1592 693 1644 restet
706 1578 810 1644 adhuc
824 1576 1006 1643 mortalibus
1021 1595 1151 1662 usquam

260 1686 447 1752 Intemerata
460 1685 548 1766 fides,
559 1707 626 1764 oro,
640 1668 787 1748 miserere
803 1681 947 1746 laborum

260 1787 444 1868 Tantorum,
457 1791 607 1853 miserere
621 1785 714 1850 animi
729 1805 790 1850 non
804 1783 898 1871 digna
912 1785 1051 1850 serentis.

306 1894 368 1957 His
382 1891 527 1978 lucrymis
541 1891 638 1954 vitem
653 1887 772 1968 damus,
788 1901 819 1952 et
832 1888 1057 1953 miserescimus
1072 1885 1164 1952 ultro.
1240 1891 1298 1952 145

262 1996 334 2082 lpse
344 1995 411 2058 viro
424 1994 545 2080 primus
556 1992 695 2058 municas
710 2005 804 2076 etque
819 2003 906 2056 arcto
920 1989 1018 2056 levari

260 2099 376 2166 Vincla
385 2099 476 2186 jubet
491 2097 650 2174 Priamum
672 2095 825 2181 dict'sque
839 2097 882 2161 ita
895 2096 977 2160 satur
992 2095 1120 2160 amicis:

259 2201 409 2285 Quisquis
423 2221 467 2281 es,
481 2200 609 2264 amissos
623 2198 697 2263 binc
707 2199 776 2285 jam
789 2197 975 2264 obliviscere
989 2195 1123 2276 Graios3

260 2303 377 2369 Noster
391 2305 474 2379 eris3
495 2301 633 2385 mihique
648 2299 717 2364 hmo
732 2298 870 2363 edissere
885 2319 962 2362 vera
977 2297 1107 2384 roganti.

257 2404 331 2489 Qub
347 2403 461 2467 molem
475 2403 556 2467 bono
570 2403 712 2468 immanis
727 2403 799 2488 equi
813 2400 972 2466 statuite?
995 2402 1063 2486 quis
1077 2405 1208 2468 suctorl
1240 2407 1300 2468 150

257 2507 388 2592 Quidve
398 2510 528 2592 potunt?
548 2528 616 2592 qum
633 2505 776 2592 retugiot
798 2518 852 2572 aut
865 2526 936 2592 quse
950 2505 1095 2572 maehina
1105 2505 1203 2572 bellil

227 2595 243 2608 ’
258 2609 404 2676 Dixerat.
428 2609 492 2690 Ille,
507 2609 585 2676 dolis
600 2612 765 2676 instructus
778 2623 810 2676 et
824 2622 891 2674 erte
906 2609 1046 2698 Pelasgi,

260 2713 388 2779 Sustulit
403 2727 512 2778 exutas
526 2712 636 2778 vinclis
651 2712 693 2777 ad
707 2711 812 2778 sidera
825 2710 965 2798 palmas:

260 2819 341 2898 vos
354 2819 459 2882 eterni
473 2818 570 2904 ignes,
585 2830 616 2880 et
631 2837 692 2881 uon
706 2815 853 2882 violabile
868 2831 1004 2882 vestrum

257 2921 372 2986 Testor
382 2943 505 3000 numen,
519 2920 582 2997 ait3
604 2939 670 2998 vos,
685 2940 759 2998 arm,
773 2940 924 3004 ensesque
935 2919 1070 3000 nefandi,
1238 2925 1297 2982 155

258 3023 346 3107 Quos
360 3023 442 3109 fugi;
464 3025 612 3105 vittaeque
627 3019 731 3102 deilm,
746 3043 823 3106 ques
838 3021 938 3086 hostia
951 3021 1051 3107 gessi;

259 3127 323 3192 Fas
337 3125 411 3190 milui
425 3126 593 3190 Graiorum
607 3138 731 3190 sacrata
745 3125 902 3190 resolvere
911 3127 993 3213 jura,

259 3229 322 3296 Fas
332 3229 435 3294 odisse
449 3233 545 3308 viros,
559 3242 653 3313 atque
668 3229 772 3294 omnia
786 3230 867 3294 serre
881 3230 940 3295 sub
955 3253 1058 3313 eurus,

260 3333 294 3398 Si
309 3353 371 3417 qua
385 3343 510 3418 tegunt:
526 3343 641 3396 teneor
654 3333 764 3418 pstriae
779 3354 836 3396 nec
852 3331 970 3420 legibus
984 3331 1065 3398 ullis.
1182 3405 1185 3414 Α

256 3433 414 3499 'llrmodb
428 3433 585 3519 promissis
601 3455 737 3515 maneas,
751 3447 935 3522 servataque
950 3455 1065 3516 serves,
1240 3441 1299 3501 160

259 3537 370 3624 Trois,
384 3535 487 3616 fidem,
502 3539 528 3600 si
544 3557 619 3602 rem
631 3537 738 3618 leram,
752 3538 779 3602 si
789 3561 901 3626 magna
915 3535 1096 3624 rependum.

303 3637 410 3704 Omnis
425 3661 497 3726 spes
511 3639 669 3721 Danaum,
683 3653 715 3706 et
728 3641 823 3727 empti
838 3639 952 3706 fiducia
966 3639 1050 3721 belli,

260 3741 398 3808 Palladis
414 3743 535 3810 auxiliis
553 3767 676 3832 semper
690 3746 783 3810 stetit.
807 3745 921 3832 impius
935 3767 976 3811 ex
991 3766 1054 3831 quo

257 3841 404 3929 Tydides
418 3845 473 3910 sed
489 3847 581 3926 euim,
592 3845 805 3932 scelerumque
820 3847 961 3914 inventor
977 3846 1119 3933 Ulysses,

255 3949 372 4018 Fatale
386 3954 522 4040 aggressi
536 3971 660 4020 sacrato
673 3951 809 4020 evellere
824 3954 939 4038 templo
1239 3965 1297 4028 sss

259 4053 446 4136 Palladium,
460 4055 549 4120 caesis
563 4079 689 4123 summe
704 4055 883 4122 custodibus
899 4057 989 4139 arcis,

256 4155 452 4244 Corripuere
468 4177 588 4224 sacram
603 4159 743 4248 effigiem,
757 4158 959 4245 manibusque
973 4163 1107 4230 cruentis

565 4267 603 4323 17
