2914 5130
186 533 244 592 Μ
628 525 817 596 AENEIDOS

226 681 304 748 inde
318 681 475 750 hominum
488 679 708 774 pecudumque
719 703 825 770 genus,
839 682 973 769 vitaeque
986 682 1157 767 volantdm,

225 787 267 851 Et
281 809 350 872 quae
365 808 539 852 marmoreo
554 786 613 854 lert
627 801 766 852 monstra
778 787 837 874 sub
851 808 977 874 sequere
990 801 1114 874 pontus·

224 891 336 980 lgneus
350 905 397 956 est
411 890 481 956 ollis
494 891 582 977 vigor
597 903 628 956 et
641 890 777 956 coelestis
789 895 877 978 origo
1199 897 1258 957 tao

226 993 413 1074 Seminibus,
429 991 576 1082 quantum
590 1015 651 1060 uon
666 995 759 1060 noxie
773 1015 909 1082 corpora
923 994 1057 1076 tardant,

224 1097 419 1182 Terrenique
434 1096 583 1162 hebetant
597 1110 682 1162 artus
696 1097 944 1186 moribundaque
959 1099 1110 1181 membra.

225 1201 312 1265 Hinc
323 1213 461 1266 metuunt
472 1205 671 1287 cupiuntque,
681 1201 787 1268 dolent
797 1203 1015 1290 gaudentque3
1029 1225 1130 1288 neque
1142 1223 1233 1268 auras

222 1301 411 1388 Dispiciunt,
425 1301 539 1396 clausae
555 1305 691 1370 tenebris
706 1317 737 1370 et
751 1327 881 1370 carcere
896 1327 993 1372 caeco.

223 1406 307 1488 Quin
322 1419 352 1470 et
366 1427 510 1492 supremo
524 1428 618 1492 quum
633 1407 748 1474 lumine
762 1411 826 1474 vita
840 1409 974 1496 reliquit,
1101 1421 1105 1446 ·'
1198 1417 1257 1474 735

172 1577 174 1580 ,
224 1509 296 1574 Non
311 1517 414 1576 tamen
428 1532 519 1576 omne
533 1511 648 1578 malum
662 1514 793 1594 miseris,
808 1536 866 1579 nec
880 1511 1017 1580 funditus
1031 1536 1138 1598 omnes

223 1613 393 1702 Corporeae
409 1614 565 1680 excedunt
578 1629 701 1704 pestes,
723 1615 907 1703 penitusque
922 1639 1051 1683 necesse
1065 1629 1112 1682 est

223 1717 323 1784 Multa
337 1717 390 1784 diu
405 1731 552 1783 concreta
566 1719 666 1784 modis
680 1719 852 1784 inolescere
867 1723 966 1785 miris.

223 1819 307 1907 Ergo
320 1835 505 1886 exercentur
519 1825 630 1906 poenis,
644 1835 845 1908 veterumque
859 1823 1012 1888 malorum

223 1925 383 2011 Supplicia
397 1924 586 2010 expendunt.
630 1924 710 1988 Aliae
725 1925 902 2010 panduntur
916 1926 1024 1990 inanes
1197 1931 1256 1990 740

222 2029 385 2112 Suspensae
400 2026 442 2093 ad
456 2041 580 2092 ventos:
603 2026 672 2090 aliis
687 2027 745 2092 sub
759 2029 878 2116 gurgite
893 2041 981 2094 vasto

222 2131 371 2196 iniectum
386 2130 497 2196 eluitur
510 2130 621 2212 scelus,
637 2145 689 2196 aut
703 2131 843 2195 exuritur
856 2136 938 2218 igni:

220 2234 361 2320 Quisque
376 2256 447 2298 suos
461 2237 597 2319 patimur
612 2255 737 2314 maues;
759 2231 872 2298 exinde
886 2255 944 2320 per
959 2233 1095 2320 amplum

221 2338 372 2403 Mittimus
387 2337 540 2426 Elysium,
555 2351 586 2402 et
599 2339 693 2425 pauci
708 2337 779 2401 laeta
794 2357 871 2402 arva
887 2351 1042 2404 tenemus:

220 2439 332 2507 Donec
347 2440 439 2527 longa
454 2441 531 2523 dies,
546 2443 685 2528 perlecto
700 2442 847 2527 temporis
861 2443 949 2522 orbe,
1196 2452 1254 2510 'tto

220 2545 409 2609 Concretam
424 2545 540 2608 exemit
553 2543 668 2624 labem,
682 2565 855 2630 purumque
869 2545 995 2632 reliquit

220 2645 393 2712 AEtherium
408 2667 540 2730 sensum,
555 2659 647 2732 atque
663 2650 753 2711 aurai
766 2646 917 2733 simplicis
931 2651 1045 2735 ignem.

219 2749 291 2814 Has
305 2771 421 2828 omnes,
435 2748 490 2810 ubi
505 2745 590 2811 mille
604 2762 703 2812 rotam
718 2747 845 2814 volvere
865 2772 922 2835 per
936 2773 1043 2832 annos,

218 2851 381 2918 Lethaeum
396 2848 437 2914 ad
451 2850 579 2928 fiuvium
592 2849 669 2916 deus
685 2865 797 2916 evocat
811 2853 933 2939 agmine
947 2877 1069 2942 magno,

219 2956 346 3020 Scilicet
361 2955 555 3020 immemores
569 2976 682 3041 supera
697 2968 730 3019 ut
744 2977 888 3020 convexa
902 2958 1048 3039 revisant,
1194 2967 1252 3025 7⁵0

218 3055 338 3124 Rursus
352 3071 383 3124 et
396 3061 548 3144 incipiant
561 3057 593 3122 in
608 3079 742 3143 corpora
755 3056 836 3123 velle
850 3064 978 3126 reverti.

217 3161 352 3226 Dixerat
367 3161 538 3226 Anchises:
561 3174 738 3247 natumque,
751 3160 875 3246 unaque
890 3163 1056 3250 Sibyllam,

217 3265 396 3330 Conventus
411 3262 509 3328 trahit
522 3265 555 3326 in
568 3261 689 3328 medios
704 3263 890 3349 turbamque
904 3280 1087 3348 sonantem

217 3369 258 3434 Et
272 3367 421 3434 tumulum
436 3369 531 3453 capit,
544 3365 627 3431 unde
641 3388 749 3432 omnes
764 3367 855 3454 longo
869 3367 980 3434 ordine
993 3373 1091 3455 possit

178 3483 179 3488 ’
215 3473 376 3540 Adversus
390 3471 504 3558 legere,
519 3484 550 3535 et
563 3471 741 3536 venientum
756 3471 880 3538 discere
895 3473 1007 3538 vultus.
1191 3481 1249 3539 75⁵

258 3577 350 3640 Nunc
365 3595 434 3661 age,
447 3571 645 3640 Dardaniam
658 3572 778 3659 prolem
794 3597 863 3660 quoe
879 3575 994 3644 deinde
1008 3591 1154 3664 sequatur

215 3679 335 3758 Gloria,
350 3677 404 3766 qui
417 3689 563 3742 maneant
578 3676 654 3740 Itala
669 3676 709 3742 de
723 3691 816 3764 geute
830 3693 968 3764 nepotes,

185 3807 188 3821 ·
216 3780 356 3846 illustres
372 3781 500 3860 animas,
514 3792 712 3865 nostrumque
727 3783 760 3846 in
775 3803 886 3848 nomeu
903 3785 1008 3865 ituras,

216 3881 395 3968 Expediam
408 3881 511 3962 dictis,
526 3895 556 3946 et
572 3895 601 3946 te
617 3896 669 3948 tua
683 3885 748 3948 iata
762 3884 896 3974 docqbo.

215 3985 282 4063 llle,
296 3981 396 4063 vides,
409 3984 487 4069 puri
497 3986 622 4070 juvenis
637 3989 691 4072 qui
705 3988 810 4052 nititur
824 3987 924 4071 hasta,
1175 4001 1248 4060 ,760

216 4087 363 4152 Proxima
378 4098 460 4148 sorte
476 4098 559 4150 tenet
573 4087 650 4152 lucis
665 4087 756 4171 loca3
777 4092 894 4176 primus
910 4091 952 4158 ad
966 4115 1058 4162 auras

216 4188 372 4255 Etherias
388 4187 466 4254 ltalo
480 4193 665 4258 commixtus
679 4199 827 4282 sanguiue
837 4211 952 4286 surget,
