2956 5132
643 527 757 590 treet
777 507 826 590 11'1.
1236 543 1273 598 te
1314 585 1322 602 .

225 683 373 770 langius
388 705 428 750 ex
445 683 567 768 altoque
585 685 683 747 dnum
699 683 806 764 trabit3
829 696 935 769 utque,
951 685 1069 750 volutus

225 789 288 854 Ad
302 804 408 869 terrae,
420 786 555 852 immane
573 799 661 851 sonat
675 807 730 872 per
745 807 831 864 saxa,
848 807 950 871 neque
967 789 1032 874 ipso

227 895 346 960 Monte
361 897 456 959 minor
471 892 669 978 procumbit3
691 893 796 956 etima
812 905 960 957 exustuet
974 893 1056 956 unda
1202 899 1268 957 240

232 993 423 1077 Verdeibus,
439 1000 621 1082 nigramque
637 995 695 1060 alte
710 996 863 1082 subjeetet
877 1017 1012 1062 arenam.
1202 1054 1210 1065 .
1340 1018 1377 1066 4—

283 1104 385 1170 Omne
400 1103 482 1167 adeb
497 1123 594 1186 genus
608 1101 741 1164 interris
756 1101 983 1185 bominumque,
1000 1101 1204 1186 ferarumque,
1236 1094 1241 1107 “

237 1204 284 1270 Et
297 1230 395 1292 genus
411 1225 598 1291 aequoreum,
613 1204 762 1290 pecudes,
780 1205 928 1288 pictoque
944 1205 1092 1283 volueres,

236 1309 275 1376 ln
290 1311 383 1376 suriae
399 1314 563 1396 ignemque
577 1320 686 1373 ruunt:
709 1327 795 1372 amor
810 1309 950 1372 omnibus
965 1310 1057 1374 idem.

89 1390 100 1475 d
233 1417 400 1502 Tempore
415 1437 476 1480 uon
492 1415 551 1480 alie
565 1413 736 1479 catulorum
751 1411 843 1477 oblita
858 1413 955 1478 leaena
1201 1421 1267 1479 245

238 1522 358 1587 Saevior
372 1523 483 1586 erravit
497 1522 616 1606 eampis
630 1540 639 1580 t
660 1541 720 1584 nee
736 1517 842 1583 sunere
856 1519 948 1603 vulgd

238 1623 326 1689 Tam
340 1627 432 1690 muita
443 1623 589 1690 informes
604 1625 666 1688 urei
682 1637 875 1707 stragemque
891 1622 1007 1690 dedere

241 1729 310 1794 Per
326 1731 431 1796 divas:
452 1747 514 1797 tum
529 1751 629 1796 sevus
644 1749 728 1814 aper,
743 1743 807 1792 tum
822 1730 953 1814 pessima
969 1729 1073 1814 tigris:

242 1833 343 1902 Heu!
367 1837 443 1902 male
459 1852 520 1904 tum
535 1839 646 1924 Libye
662 1837 733 1902 eolis
747 1853 862 1904 erratur
878 1840 907 1904 in
923 1842 1015 1924 agris.

240 1943 360 2009 Nonne
374 1945 458 2007 vides
471 1959 713 2009 uttetetremor
727 1957 877 2028 pertentet
893 1965 1040 2030 equorum
1201 1947 1269 2008 250

241 2045 395 2133 Corpore,
451 2049 567 2112 tautitm
583 2061 670 2112 uotae
684 2049 761 2114 odet
777 2049 874 2112 attulit
888 2048 1002 2118 auria?

241 2155 295 2218 Ac
310 2173 411 2237 neque
427 2173 482 2215 eos
493 2153 558 2236 jem
573 2151 663 2216 frena
679 2149 788 2227 einim,
805 2171 906 2233 aeque
922 2152 1049 2213 verbera
1065 2169 1153 2228 seva,

241 2255 318 2321 Noa
334 2256 465 2341 scopuli,
479 2275 629 2338 rupesque
643 2276 737 2330 eave,
751 2267 842 2340 atque
857 2252 979 2338 objecta
990 2252 1143 2316 retardant

241 2362 393 2429 Flumine
407 2375 564 2444 correptos
578 2359 657 2425 unda
671 2360 841 2446 torquentia
857 2373 987 2423 montes.

237 2469 317 2555 lpse
335 2469 395 2531 ruit
411 2467 576 2552 dentesque
592 2466 762 2531 Sabellicus
776 2465 900 2531 exacuit
915 2485 977 2541 aua,
1207 2469 1271 2529 255

242 2573 290 2640 Et
303 2573 387 2660 pede
401 2571 565 2658 prosubigit
579 2587 703 2650 terram,
720 2571 807 2636 dieat
821 2573 928 2636 arbore
944 2586 1053 2652 custus,

243 2680 349 2763 Atque
364 2678 434 2742 binc
450 2693 541 2762 atque
556 2677 638 2740 illinc
653 2677 798 2742 humeros
812 2679 851 2741 ad
866 2678 991 2742 vulnera
1007 2680 1105 2743 durat.

293 2781 376 2858 Quid
387 2782 509 2869 juvenis
524 2803 669 2866 magnum
685 2784 734 2847 eui
750 2797 850 2848 versat
865 2785 894 2848 in
909 2765 1026 2848 essibus
1041 2786 1142 2868 ignem
1176 2800 1181 2812 ’

246 2887 355 2953 Durus
370 2889 480 2953 amer?
502 2907 616 2972 nempe
632 2887 765 2972 abruptis
775 2889 894 2953 ttttbeta
908 2889 1050 2974 procellis

244 2994 352 3062 Necte
367 3007 447 3057 namt
462 2992 547 3058 ceci
562 3015 648 3058 eerue
663 2993 762 3059 beta:
785 3015 875 3080 quem
891 3015 983 3078 asper
992 2996 1100 3080 ingene
1208 2993 1276 3056 260

246 3097 345 3165 Porta
358 3113 442 3164 tonet
456 3099 538 3177 eoeb,
551 3112 584 3162 et
598 3099 731 3185 seopulis
745 3099 820 3164 iliiaa
836 3100 1000 3166 reclamant

248 3203 406 3288 AEquera3
429 3225 487 3268 nee
499 3205 602 3268 miseri
617 3218 742 3289 possum
755 3225 901 3270 raucam
916 3217 1068 3290 patentes,

249 3307 321 3374 Nee
337 3309 479 3373 meritura
495 3329 586 3394 asper
600 3310 717 3374 erudeli
732 3309 840 3374 iuuere
854 3312 948 3393 virge.
1144 3363 1150 3370 .

295 3411 380 3488 Quid
396 3413 501 3496 iyneee
516 3413 635 3480 Becehi
650 3417 750 3494 varie,
766 3429 797 3478 et
812 3435 908 3499 genus
922 3433 993 3478 aere
1010 3413 1158 3498 luporum,

246 3520 353 3603 Atque
369 3519 503 3583 canum?
527 3522 610 3604 quid,
628 3539 693 3605 qua
708 3521 846 3586 imbelles
860 3524 934 3586 daut
944 3519 1050 3605 ptoeiia
1066 3518 1175 3584 cervi?
1212 3520 1276 3583 266

253 3621 383 3687 Scilicet
396 3639 587 3689 anteemnee
602 3623 685 3690 furor
699 3641 746 3691 eet
760 3627 882 3711 insignia
898 3645 1067 3711 equarum:
1464 3635 1465 3712 p

253 3723 299 3790 Et
313 3741 446 3791 mentem
460 3725 567 3794 Venus
581 3731 647 3816 ipsa
662 3732 757 3808 dedit,
773 3752 833 3816 quo
847 3747 986 3817 tempore
1003 3729 1113 3796 Glauui
1462 3789 1464 3832 l

253 3825 419 3895 Potniades
434 3833 522 3896 maiis
536 3835 674 3898 membra
689 3834 886 3920 abmmpsere
902 3835 1066 3920 quadrigae.

252 3929 524 4000 Illaaducitamoe
538 3951 620 4001 bans
636 3937 783 4024 Gargara,
798 3953 942 4022 meque
957 3952 1114 4004 meantem

250 4039 442 4120 Aadeuium3
465 4053 608 4125 superant
624 4057 752 4117 montes,
769 4056 800 4104 et
814 4041 938 4105 flumina
953 4055 1092 4105 tranent:
1215 4043 1281 4105 270

253 4143 473 4230 cmundque
489 4144 586 4210 avidis
600 4146 651 4211 ubi
666 4147 787 4212 stabditt
802 4145 924 4211 flamma
939 4146 1090 4224 medullis,
1461 4135 1463 4168 *

251 4251 340 4320 Vere
355 4253 464 4341 magis,
481 4256 638 4342 quietem
654 4258 737 4324 uniet
752 4257 831 4324 redit
844 4255 972 4335 ossibus,
987 4255 1044 4322 ilie

570 4365 610 4423 '⁰
