2978 5124
236 499 296 558 m
640 545 645 558 .
677 497 865 560 munos

278 653 359 722 Tele
373 653 575 738 Latinorum
597 669 801 744 septenosque
816 658 945 724 orbibus
958 661 1053 726 orbes

277 757 470 845 Impediunt:
492 759 546 824 elii
560 763 694 824 ventosis
709 759 833 826 follibus
848 781 941 827 eures

276 864 444 948 Accipiunt
457 861 651 948 redduntque
663 887 672 942 ς
694 862 748 927 elii
762 863 925 930 stridentia
939 869 1059 952 tingunt
1242 873 1304 931 450

237 1011 239 1018 ⁴
275 961 355 1030 AEre
370 965 456 1030 lacu:
477 967 571 1052 gemit
587 966 734 1052 impositis
749 965 914 1032 incudibus
927 979 1060 1032 anuum.

277 1067 324 1132 Illi
340 1069 420 1130 inter
433 1089 501 1132 sese
515 1065 610 1132 multi
624 1068 656 1130 vi
670 1067 804 1134 brachie
815 1066 924 1134 tollunt

274 1169 310 1234 ln
324 1191 494 1249 numerum,
508 1182 694 1254 versantque
710 1173 811 1236 tenaci
825 1170 943 1256 forcipe
956 1191 1102 1236 messum.

317 1273 398 1336 Haec
413 1285 502 1359 pater
517 1271 624 1336 AEoliis
638 1286 787 1360 properat
801 1271 874 1338 dum
889 1273 1038 1338 Lemnius
1051 1272 1124 1352 oris,

274 1373 454 1440 Evandrum
468 1397 508 1440 ex
525 1374 632 1440 humili
652 1387 733 1440 tecto
746 1373 801 1462 lux
814 1377 942 1440 suscitat
956 1373 1049 1453 almo,
1238 1383 1300 1440 ⁴55

274 1477 314 1542 Et
328 1477 467 1542 matutini
483 1477 642 1542 volucrum
656 1477 714 1540 sub
728 1475 862 1540 culmine
876 1489 996 1540 centus.

273 1577 439 1664 Consurgit
453 1581 565 1658 senior,
580 1577 745 1662 tunicisque
758 1576 914 1642 inducitur
923 1573 1023 1656 enus,

272 1681 313 1746 Et
327 1681 494 1768 Tyrrhena
508 1680 623 1767 pedum
637 1679 811 1744 circumdet
826 1679 949 1746 vincula
964 1680 1087 1766 plantis.

271 1783 353 1849 Tum
367 1783 456 1850 lateri
471 1798 563 1869 etque
578 1783 715 1849 humeris
729 1785 897 1872 Tegeaeum
911 1784 1045 1872 subligat
1059 1805 1173 1865 ensem,

270 1885 416 1952 Demisse
431 1887 473 1952 ab
488 1885 566 1950 laevti
579 1885 740 1970 panthere
755 1899 843 1972 terge
856 1900 1049 1972 retorquens.
1236 1891 1298 1950 460

271 1988 414 2055 Necnon
429 2002 460 2054 et
473 1993 587 2076 gemini
601 1987 745 2054 custodes
762 1989 867 2054 limine
882 1990 925 2055 ab
940 1989 1003 2054 ulto

271 2091 461 2172 Procedant,
474 2113 675 2178 gressumque
689 2113 784 2156 cenes
797 2093 982 2156 comitantur
996 2090 1137 2158 herilem.

270 2195 413 2282 Hospitis
430 2195 534 2260 AEueae
549 2195 655 2266 sedem
671 2207 702 2258 et
716 2207 838 2260 secreta
852 2195 988 2280 petebat,

269 2296 450 2361 Sermonum
465 2316 582 2362 memor
597 2309 627 2359 et
641 2298 783 2381 promissi
800 2295 942 2374 muneris,
957 2295 1060 2361 heros.

267 2397 337 2468 Nec
351 2398 449 2466 mimis
464 2397 582 2466 AEneas
596 2421 630 2464 se
644 2399 807 2464 matutinus
822 2399 947 2486 agebat.
1232 2407 1294 2468 tte

267 2501 363 2570 Filius
379 2503 451 2569 huic
467 2503 581 2582 Palles,
596 2501 641 2566 illi
655 2521 760 2566 comes
774 2501 841 2566 ibat
855 2502 1005 2569 Achates.

266 2605 433 2692 Congressi
442 2607 573 2694 jungunt
587 2604 726 2685 dextras,
740 2604 911 2692 mediisque
925 2605 1064 2672 residunt

267 2705 409 2789 AEdibus‚
424 2720 454 2773 et
468 2706 552 2774 licito
567 2705 692 2772 tandem
707 2729 849 2774 sermone
863 2708 1013 2774 fruuntur.

267 2805 340 2872 Rex
353 2811 439 2894 prior
454 2809 540 2873 hece

265 2909 404 2978 Maxime
418 2913 611 2978 Teucrorum
625 2912 745 2993 ductor,
759 2935 820 2998 quo
835 2915 949 3002 sospite
962 2935 1118 3000 nunquam
1229 2923 1290 2982 470

266 3011 331 3078 Res
347 3013 490 3100 equidem
505 3015 609 3104 Trojae
624 3016 723 3081 rictas
737 3029 789 3082 eut
803 3039 900 3104 regne
913 3017 1045 3097 fatebor,

265 3111 365 3180 Nobis
379 3117 420 3184 ed
435 3117 510 3184 belli
524 3117 673 3184 auxilium
686 3140 745 3205 pro
759 3123 882 3185 nomine
896 3132 982 3186 tento

265 3217 394 3307 Exigue
408 3219 507 3284 vires:
531 3219 604 3284 hinc
618 3220 722 3284 Tusco
736 3219 910 3286 claudimur
923 3222 1025 3301 omni3

265 3321 352 3388 Hinc
367 3321 497 3390 Rutulus
511 3325 634 3406 premit,
648 3335 679 3387 et
693 3343 812 3388 murum
825 3323 1031 3390 circumsonat
1046 3327 1151 3388 ermis.

261 3425 327 3492 Sed
342 3425 398 3490 tibi
413 3447 470 3511 ego
483 3423 621 3510 ingentes
635 3422 765 3509 populor
777 3423 986 3510 opulentaque
999 3426 1102 3513 regnis
1224 3435 1285 3492 475

263 3529 399 3615 Jungere
413 3541 516 3592 castre
530 3546 627 3611 paro:
650 3547 743 3611 quem
757 3527 820 3602 iqrs
834 3527 961 3614 inopine
974 3526 1103 3594 salutem
1229 3523 1237 3532 '

263 3629 422 3709 Ostentet3
443 3629 515 3694 satis
530 3627 589 3694 huc
604 3641 635 3694 te
647 3629 847 3714 poscentibus
861 3627 964 3694 affers.

264 3731 362 3800 Haud
375 3728 484 3818 procul
499 3730 570 3796 hinc
586 3752 663 3797 sexo
677 3730 820 3796 incolitur
833 3729 962 3798 fundate
974 3745 1095 3802 vetusto

263 3831 360 3898 Urbis
373 3831 528 3920 Agyllina
543 3831 643 3913 sedes,
656 3830 711 3897 ubi
725 3831 832 3918 Lydia
846 3830 1015 3916 quondsm'

259 3935 357 4016 Gens,
368 3935 453 4001 bello
467 3935 628 4023 preclara,
638 3937 722 4023 jugis
735 3933 848 4000 insedit
861 3934 1012 4002 Etmscie.
1224 3941 1286 4001 tto

264 4039 358 4104 Hauc
371 4035 482 4104 multos
495 4038 655 4104 florentem
670 4055 766 4102 annos
780 4057 838 4102 rex
851 4033 966 4102 deinde
979 4037 1118 4126 superbo

262 4139 395 4237 imperio
408 4153 440 4205 et
453 4139 542 4206 seris
556 4140 653 4206 tenuit
667 4137 839 4206 Mezentius
853 4139 957 4206 armis·
982 4170 989 4183 ·
