<?xml version="1.0" encoding="UTF-8"?>
<!DOCTYPE html PUBLIC "-//W3C//DTD XHTML 1.0 Transitional//EN"
    "http://www.w3.org/TR/xhtml1/DTD/xhtml1-transitional.dtd">
<html xmlns="http://www.w3.org/1999/xhtml" xml:lang="en" lang="en">
 <head>
  <title>
</title>
<meta http-equiv="Content-Type" content="text/html;charset=utf-8" />
  <meta name='ocr-system' content='tesseract 3.04.00' />
  <meta name='ocr-capabilities' content='ocr_page ocr_carea ocr_par ocr_line ocrx_word'/>
</head>
<body>
  <div class='ocr_page' id='page_1' title='image "./bucolicageorgic01goulgoog_0276.png"; bbox 0 0 2914 5130; ppageno 0'>
   <div class='ocr_carea' id='block_1_1' title="bbox 162 483 933 582">
    <p class='ocr_par' dir='ltr' id='par_1_1' title="bbox 162 483 933 582">
     <span class='ocr_line' id='line_1_1' title="bbox 162 483 933 582; baseline -0.006 -36"><span class='ocrx_word' id='word_1_1' title='bbox 162 489 220 546; x_wconf 77' lang='lat'>258</span> <span class='ocrx_word' id='word_1_2' title='bbox 604 483 793 544; x_wconf 79' lang='lat' dir='ltr'>AENEIDOS</span> <span class='ocrx_word' id='word_1_3' title='bbox 924 567 933 582; x_wconf 47' lang='grc' dir='ltr'>Ι</span> 
     </span>
    </p>
   </div>
   <div class='ocr_carea' id='block_1_2' title="bbox 206 641 993 730">
    <p class='ocr_par' dir='ltr' id='par_1_2' title="bbox 206 641 993 730">
     <span class='ocr_line' id='line_1_2' title="bbox 206 641 993 730; baseline -0.001 -21"><span class='ocrx_word' id='word_1_4' title='bbox 206 646 247 710; x_wconf 86' lang='lat' dir='ltr'>Et</span> <span class='ocrx_word' id='word_1_5' title='bbox 261 644 391 730; x_wconf 74' lang='lat' dir='ltr'>trepida</span> <span class='ocrx_word' id='word_1_6' title='bbox 405 655 520 708; x_wconf 73' lang='lat' dir='ltr'>manes</span> <span class='ocrx_word' id='word_1_7' title='bbox 533 641 678 728; x_wconf 72' lang='lat' dir='ltr'>pressdre</span> <span class='ocrx_word' id='word_1_8' title='bbox 693 641 734 708; x_wconf 89' lang='lat' dir='ltr'>ad</span> <span class='ocrx_word' id='word_1_9' title='bbox 749 655 878 728; x_wconf 80' lang='lat' dir='ltr'><strong>pectora</strong></span> <span class='ocrx_word' id='word_1_10' title='bbox 893 655 993 708; x_wconf 89' lang='lat' dir='ltr'>natos.</span> 
     </span>
    </p>
   </div>
   <div class='ocr_carea' id='block_1_3' title="bbox 162 745 1251 4193">
    <p class='ocr_par' dir='ltr' id='par_1_3' title="bbox 207 745 1062 1345">
     <span class='ocr_line' id='line_1_3' title="bbox 207 745 1062 834; baseline 0.001 -22"><span class='ocrx_word' id='word_1_11' title='bbox 207 749 289 812; x_wconf 91' lang='lat' dir='ltr'>Tum</span> <span class='ocrx_word' id='word_1_12' title='bbox 305 746 380 812; x_wconf 81' lang='lat' dir='ltr'>verti</span> <span class='ocrx_word' id='word_1_13' title='bbox 394 747 435 812; x_wconf 89' lang='lat' dir='ltr'>ad</span> <span class='ocrx_word' id='word_1_14' title='bbox 450 769 559 810; x_wconf 87' lang='lat' dir='ltr'>vocem</span> <span class='ocrx_word' id='word_1_15' title='bbox 574 745 704 825; x_wconf 80' lang='lat' dir='ltr'>celeres,</span> <span class='ocrx_word' id='word_1_16' title='bbox 719 746 780 831; x_wconf 72' lang='lat' dir='ltr'>qua</span> <span class='ocrx_word' id='word_1_17' title='bbox 796 746 927 812; x_wconf 88' lang='lat' dir='ltr'>buccina</span> <span class='ocrx_word' id='word_1_18' title='bbox 942 749 1062 834; x_wconf 91' lang='lat' dir='ltr'>signum</span> 
     </span>
     <span class='ocr_line' id='line_1_4' title="bbox 207 847 951 934; baseline -0.001 -20"><span class='ocrx_word' id='word_1_19' title='bbox 207 849 288 914; x_wconf 85' lang='lat' dir='ltr'>Dira</span> <span class='ocrx_word' id='word_1_20' title='bbox 301 849 398 928; x_wconf 77' lang='lat' dir='ltr'>dedu,</span> <span class='ocrx_word' id='word_1_21' title='bbox 413 851 510 934; x_wconf 77' lang='lat' dir='ltr'>raptis</span> <span class='ocrx_word' id='word_1_22' title='bbox 525 861 713 914; x_wconf 87' lang='lat' dir='ltr'>concurrunt</span> <span class='ocrx_word' id='word_1_23' title='bbox 727 848 866 932; x_wconf 90' lang='lat' dir='ltr'>undique</span> <span class='ocrx_word' id='word_1_24' title='bbox 881 847 951 914; x_wconf 91' lang='lat' dir='ltr'>telis</span> 
     </span>
     <span class='ocr_line' id='line_1_5' title="bbox 208 951 961 1039; baseline -0.001 -21"><span class='ocrx_word' id='word_1_25' title='bbox 208 953 352 1018; x_wconf 86' lang='lat' dir='ltr'>indomiti</span> <span class='ocrx_word' id='word_1_26' title='bbox 367 951 532 1039; x_wconf 79' lang='lat' dir='ltr'>agricoiae;</span> <span class='ocrx_word' id='word_1_27' title='bbox 555 973 612 1016; x_wconf 88' lang='lat' dir='ltr'>nec</span> <span class='ocrx_word' id='word_1_28' title='bbox 627 973 688 1016; x_wconf 90' lang='lat' dir='ltr'>non</span> <span class='ocrx_word' id='word_1_29' title='bbox 703 965 734 1014; x_wconf 92' lang='lat' dir='ltr'>et</span> <span class='ocrx_word' id='word_1_30' title='bbox 748 952 846 1016; x_wconf 87' lang='lat' dir='ltr'>Troia</span> <span class='ocrx_word' id='word_1_31' title='bbox 861 954 961 1038; x_wconf 89' lang='lat' dir='ltr'>pubes</span> 
     </span>
     <span class='ocr_line' id='line_1_6' title="bbox 207 1051 920 1139; baseline 0.001 -21"><span class='ocrx_word' id='word_1_32' title='bbox 207 1055 345 1118; x_wconf 86' lang='lat' dir='ltr'>Ascanio</span> <span class='ocrx_word' id='word_1_33' title='bbox 359 1053 509 1119; x_wconf 84' lang='lat' dir='ltr'>auxilium</span> <span class='ocrx_word' id='word_1_34' title='bbox 523 1053 634 1118; x_wconf 88' lang='lat' dir='ltr'>castris</span> <span class='ocrx_word' id='word_1_35' title='bbox 649 1051 778 1117; x_wconf 85' lang='lat' dir='ltr'>effundit</span> <span class='ocrx_word' id='word_1_36' title='bbox 792 1055 920 1139; x_wconf 85' lang='lat' dir='ltr'>apertis.</span> 
     </span>
     <span class='ocr_line' id='line_1_7' title="bbox 208 1155 973 1243; baseline -0.003 -21"><span class='ocrx_word' id='word_1_37' title='bbox 208 1155 367 1222; x_wconf 75' lang='lat' dir='ltr'>Direxere</span> <span class='ocrx_word' id='word_1_38' title='bbox 382 1159 486 1221; x_wconf 87' lang='lat' dir='ltr'>acies:</span> <span class='ocrx_word' id='word_1_39' title='bbox 509 1178 569 1220; x_wconf 90' lang='lat' dir='ltr'>non</span> <span class='ocrx_word' id='word_1_40' title='bbox 580 1157 648 1242; x_wconf 87' lang='lat' dir='ltr'>jam</span> <span class='ocrx_word' id='word_1_41' title='bbox 661 1159 832 1220; x_wconf 81' lang='lat' dir='ltr'>certamine</span> <span class='ocrx_word' id='word_1_42' title='bbox 847 1159 973 1243; x_wconf 81' lang='lat' dir='ltr'><strong>agresti,</strong></span> 
     </span>
     <span class='ocr_line' id='line_1_8' title="bbox 210 1256 958 1345; baseline -0.004 -22"><span class='ocrx_word' id='word_1_43' title='bbox 210 1259 372 1345; x_wconf 88' lang='lat' dir='ltr'>Stipitibus</span> <span class='ocrx_word' id='word_1_44' title='bbox 387 1258 473 1322; x_wconf 91' lang='lat' dir='ltr'>duris</span> <span class='ocrx_word' id='word_1_45' title='bbox 489 1261 599 1344; x_wconf 89' lang='lat' dir='ltr'>agitur,</span> <span class='ocrx_word' id='word_1_46' title='bbox 613 1256 781 1321; x_wconf 87' lang='lat' dir='ltr'>sudibusve</span> <span class='ocrx_word' id='word_1_47' title='bbox 796 1261 958 1342; x_wconf 86' lang='lat' dir='ltr'>praeustis;</span> 
     </span>
    </p>

    <p class='ocr_par' dir='ltr' id='par_1_4' title="bbox 162 1359 1032 1649">
     <span class='ocr_line' id='line_1_9' title="bbox 162 1359 930 1445; baseline -0.004 -20"><span class='ocrx_word' id='word_1_48' title='bbox 162 1371 165 1382; x_wconf 89' lang='lat'>&#39;</span> <span class='ocrx_word' id='word_1_49' title='bbox 210 1360 272 1425; x_wconf 88' lang='lat' dir='ltr'>Sed</span> <span class='ocrx_word' id='word_1_50' title='bbox 288 1361 371 1424; x_wconf 82' lang='lat' dir='ltr'>ferro</span> <span class='ocrx_word' id='word_1_51' title='bbox 386 1361 513 1445; x_wconf 88' lang='lat' dir='ltr'>ancipiti</span> <span class='ocrx_word' id='word_1_52' title='bbox 527 1359 707 1437; x_wconf 74' lang='lat' dir='ltr'>decernunt,</span> <span class='ocrx_word' id='word_1_53' title='bbox 723 1371 852 1444; x_wconf 88' lang='lat' dir='ltr'>atraque</span> <span class='ocrx_word' id='word_1_54' title='bbox 867 1359 930 1423; x_wconf 73' lang='lat' dir='ltr'>iatri</span> 
     </span>
     <span class='ocr_line' id='line_1_10' title="bbox 210 1458 1032 1548; baseline -0.006 -21"><span class='ocrx_word' id='word_1_55' title='bbox 210 1462 377 1527; x_wconf 83' lang='lat' dir='ltr'>Horrescit</span> <span class='ocrx_word' id='word_1_56' title='bbox 391 1464 506 1526; x_wconf 88' lang='lat' dir='ltr'>strictis</span> <span class='ocrx_word' id='word_1_57' title='bbox 521 1481 609 1548; x_wconf 87' lang='lat' dir='ltr'>seges</span> <span class='ocrx_word' id='word_1_58' title='bbox 624 1460 759 1539; x_wconf 85' lang='lat' dir='ltr'>ensibus,</span> <span class='ocrx_word' id='word_1_59' title='bbox 773 1481 899 1544; x_wconf 84' lang='lat' dir='ltr'>aeraque</span> <span class='ocrx_word' id='word_1_60' title='bbox 914 1458 1032 1546; x_wconf 84' lang='lat' dir='ltr'>fulgent</span> 
     </span>
     <span class='ocr_line' id='line_1_11' title="bbox 211 1563 954 1649; baseline -0.005 -19"><span class='ocrx_word' id='word_1_61' title='bbox 211 1565 283 1630; x_wconf 88' lang='lat' dir='ltr'>Sole</span> <span class='ocrx_word' id='word_1_62' title='bbox 299 1565 451 1645; x_wconf 75' lang='lat' dir='ltr'>lacessita,</span> <span class='ocrx_word' id='word_1_63' title='bbox 461 1577 492 1628; x_wconf 92' lang='lat' dir='ltr'>et</span> <span class='ocrx_word' id='word_1_64' title='bbox 507 1563 607 1628; x_wconf 90' lang='lat' dir='ltr'>lucem</span> <span class='ocrx_word' id='word_1_65' title='bbox 622 1563 680 1627; x_wconf 92' lang='lat' dir='ltr'>sub</span> <span class='ocrx_word' id='word_1_66' title='bbox 695 1563 803 1627; x_wconf 88' lang='lat' dir='ltr'>nubila</span> <span class='ocrx_word' id='word_1_67' title='bbox 813 1564 954 1649; x_wconf 82' lang='lat' dir='ltr'>jactant:</span> 
     </span>
    </p>

    <p class='ocr_par' dir='ltr' id='par_1_5' title="bbox 186 1663 1073 2874">
     <span class='ocr_line' id='line_1_12' title="bbox 211 1663 1022 1754; baseline -0.006 -22"><span class='ocrx_word' id='word_1_68' title='bbox 211 1668 336 1732; x_wconf 82' lang='lat' dir='ltr'>Fluctus</span> <span class='ocrx_word' id='word_1_69' title='bbox 352 1671 394 1732; x_wconf 94' lang='lat' dir='ltr'>uti</span> <span class='ocrx_word' id='word_1_70' title='bbox 409 1669 510 1752; x_wconf 90' lang='lat' dir='ltr'>primo</span> <span class='ocrx_word' id='word_1_71' title='bbox 524 1668 620 1750; x_wconf 85' lang='lat' dir='ltr'>coepit</span> <span class='ocrx_word' id='word_1_72' title='bbox 635 1685 729 1748; x_wconf 88' lang='lat' dir='ltr'>quum</span> <span class='ocrx_word' id='word_1_73' title='bbox 745 1663 907 1754; x_wconf 53' lang='lat' dir='ltr'>albescere</span> <span class='ocrx_word' id='word_1_74' title='bbox 918 1675 1022 1742; x_wconf 89' lang='lat' dir='ltr'>vento,</span> 
     </span>
     <span class='ocr_line' id='line_1_13' title="bbox 212 1765 917 1846; baseline -0.009 -9"><span class='ocrx_word' id='word_1_75' title='bbox 212 1772 365 1837; x_wconf 80' lang='lat' dir='ltr'>Paulatim</span> <span class='ocrx_word' id='word_1_76' title='bbox 380 1791 448 1834; x_wconf 88' lang='lat' dir='ltr'>sese</span> <span class='ocrx_word' id='word_1_77' title='bbox 463 1767 542 1832; x_wconf 90' lang='lat' dir='ltr'>tollit</span> <span class='ocrx_word' id='word_1_78' title='bbox 557 1789 653 1846; x_wconf 84' lang='lat' dir='ltr'>mare,</span> <span class='ocrx_word' id='word_1_79' title='bbox 667 1780 698 1830; x_wconf 92' lang='lat' dir='ltr'>et</span> <span class='ocrx_word' id='word_1_80' title='bbox 713 1765 803 1831; x_wconf 79' lang='lat' dir='ltr'>altius</span> <span class='ocrx_word' id='word_1_81' title='bbox 817 1767 917 1831; x_wconf 87' lang='lat' dir='ltr'>undas</span> 
     </span>
     <span class='ocr_line' id='line_1_14' title="bbox 211 1868 962 1960; baseline -0.004 -23"><span class='ocrx_word' id='word_1_82' title='bbox 211 1874 322 1960; x_wconf 84' lang='lat' dir='ltr'>Erigit,</span> <span class='ocrx_word' id='word_1_83' title='bbox 336 1871 408 1936; x_wconf 88' lang='lat' dir='ltr'>inde</span> <span class='ocrx_word' id='word_1_84' title='bbox 423 1875 485 1934; x_wconf 87' lang='lat' dir='ltr'>imo</span> <span class='ocrx_word' id='word_1_85' title='bbox 499 1872 656 1954; x_wconf 81' lang='lat' dir='ltr'>consurgit</span> <span class='ocrx_word' id='word_1_86' title='bbox 670 1868 711 1932; x_wconf 90' lang='lat' dir='ltr'>ad</span> <span class='ocrx_word' id='word_1_87' title='bbox 726 1869 844 1933; x_wconf 86' lang='lat' dir='ltr'>aethera</span> <span class='ocrx_word' id='word_1_88' title='bbox 858 1868 962 1934; x_wconf 82' lang='lat' dir='ltr'>fundo.</span> 
     </span>
     <span class='ocr_line' id='line_1_15' title="bbox 211 1969 1069 2062; baseline -0.008 -21"><span class='ocrx_word' id='word_1_89' title='bbox 211 1977 278 2041; x_wconf 89' lang='lat' dir='ltr'>Hic</span> <span class='ocrx_word' id='word_1_90' title='bbox 288 1975 412 2062; x_wconf 87' lang='lat' dir='ltr'>juvenis</span> <span class='ocrx_word' id='word_1_91' title='bbox 425 1973 556 2060; x_wconf 88' lang='lat' dir='ltr'>primam</span> <span class='ocrx_word' id='word_1_92' title='bbox 571 1982 643 2036; x_wconf 87' lang='lat' dir='ltr'>ante</span> <span class='ocrx_word' id='word_1_93' title='bbox 658 1974 769 2051; x_wconf 83' lang='lat' dir='ltr'>aciem,</span> <span class='ocrx_word' id='word_1_94' title='bbox 783 1969 932 2036; x_wconf 90' lang='lat' dir='ltr'>stridente</span> <span class='ocrx_word' id='word_1_95' title='bbox 947 1969 1069 2057; x_wconf 75' lang='lat' dir='ltr'>sagitis,</span> 
     </span>
     <span class='ocr_line' id='line_1_16' title="bbox 211 2073 990 2160; baseline -0.005 -18"><span class='ocrx_word' id='word_1_96' title='bbox 211 2077 362 2142; x_wconf 87' lang='lat' dir='ltr'>Natorum</span> <span class='ocrx_word' id='word_1_97' title='bbox 377 2073 517 2160; x_wconf 83' lang='lat' dir='ltr'>Tyrrhei</span> <span class='ocrx_word' id='word_1_98' title='bbox 530 2073 632 2138; x_wconf 83' lang='lat' dir='ltr'>suerat</span> <span class='ocrx_word' id='word_1_99' title='bbox 647 2073 699 2156; x_wconf 92' lang='lat' dir='ltr'>qui</span> <span class='ocrx_word' id='word_1_100' title='bbox 715 2076 878 2152; x_wconf 82' lang='lat' dir='ltr'>maximus,</span> <span class='ocrx_word' id='word_1_101' title='bbox 897 2074 990 2138; x_wconf 85' lang='lat' dir='ltr'>Almo</span> 
     </span>
     <span class='ocr_line' id='line_1_17' title="bbox 211 2174 1073 2263; baseline -0.009 -17"><span class='ocrx_word' id='word_1_102' title='bbox 211 2183 384 2246; x_wconf 86' lang='lat' dir='ltr'>Sternitur:</span> <span class='ocrx_word' id='word_1_103' title='bbox 414 2177 503 2242; x_wconf 81' lang='lat' dir='ltr'>hoesit</span> <span class='ocrx_word' id='word_1_104' title='bbox 517 2180 599 2242; x_wconf 89' lang='lat' dir='ltr'>enim</span> <span class='ocrx_word' id='word_1_105' title='bbox 614 2178 674 2241; x_wconf 91' lang='lat' dir='ltr'>sub</span> <span class='ocrx_word' id='word_1_106' title='bbox 687 2189 808 2263; x_wconf 89' lang='lat' dir='ltr'>gutture</span> <span class='ocrx_word' id='word_1_107' title='bbox 822 2175 942 2256; x_wconf 77' lang='lat' dir='ltr'>vulnus,</span> <span class='ocrx_word' id='word_1_108' title='bbox 957 2190 989 2242; x_wconf 90' lang='lat' dir='ltr'>et</span> <span class='ocrx_word' id='word_1_109' title='bbox 1003 2174 1073 2240; x_wconf 79' lang='lat' dir='ltr'>udae</span> 
     </span>
     <span class='ocr_line' id='line_1_18' title="bbox 211 2279 1009 2366; baseline -0.01 -16"><span class='ocrx_word' id='word_1_110' title='bbox 211 2285 312 2350; x_wconf 88' lang='lat' dir='ltr'>Vocis</span> <span class='ocrx_word' id='word_1_111' title='bbox 326 2287 387 2346; x_wconf 92' lang='lat' dir='ltr'>iter</span> <span class='ocrx_word' id='word_1_112' title='bbox 401 2295 586 2366; x_wconf 81' lang='lat' dir='ltr'>tenuemque</span> <span class='ocrx_word' id='word_1_113' title='bbox 601 2279 724 2345; x_wconf 89' lang='lat' dir='ltr'>inclusit</span> <span class='ocrx_word' id='word_1_114' title='bbox 739 2283 887 2364; x_wconf 85' lang='lat' dir='ltr'>sanguine</span> <span class='ocrx_word' id='word_1_115' title='bbox 902 2283 1009 2344; x_wconf 82' lang='lat' dir='ltr'>vitam.</span> 
     </span>
     <span class='ocr_line' id='line_1_19' title="bbox 212 2380 1054 2474; baseline -0.008 -22"><span class='ocrx_word' id='word_1_116' title='bbox 212 2387 357 2474; x_wconf 86' lang='lat' dir='ltr'>Corpora</span> <span class='ocrx_word' id='word_1_117' title='bbox 372 2385 468 2451; x_wconf 86' lang='lat' dir='ltr'>multa</span> <span class='ocrx_word' id='word_1_118' title='bbox 482 2384 584 2448; x_wconf 77' lang='lat' dir='ltr'>virium</span> <span class='ocrx_word' id='word_1_119' title='bbox 598 2383 701 2462; x_wconf 68' lang='grc' dir='ltr'><strong>αἰκὲς</strong></span> <span class='ocrx_word' id='word_1_120' title='bbox 722 2382 887 2466; x_wconf 85' lang='lat' dir='ltr'>seniorque</span> <span class='ocrx_word' id='word_1_121' title='bbox 901 2380 1054 2460; x_wconf 79' lang='lat' dir='ltr'>Galaesus,</span> 
     </span>
     <span class='ocr_line' id='line_1_20' title="bbox 211 2483 985 2575; baseline -0.01 -20"><span class='ocrx_word' id='word_1_122' title='bbox 211 2489 297 2555; x_wconf 89' lang='lat' dir='ltr'>Dum</span> <span class='ocrx_word' id='word_1_123' title='bbox 310 2487 383 2575; x_wconf 86' lang='lat' dir='ltr'>paci</span> <span class='ocrx_word' id='word_1_124' title='bbox 396 2485 534 2550; x_wconf 88' lang='lat' dir='ltr'>medium</span> <span class='ocrx_word' id='word_1_125' title='bbox 548 2506 582 2548; x_wconf 92' lang='lat' dir='ltr'>se</span> <span class='ocrx_word' id='word_1_126' title='bbox 597 2483 697 2562; x_wconf 79' lang='lat' dir='ltr'>offert,</span> <span class='ocrx_word' id='word_1_127' title='bbox 707 2484 891 2571; x_wconf 89' lang='lat' dir='ltr'>justissimus</span> <span class='ocrx_word' id='word_1_128' title='bbox 906 2503 985 2547; x_wconf 90' lang='lat' dir='ltr'>unus</span> 
     </span>
     <span class='ocr_line' id='line_1_21' title="bbox 212 2586 964 2674; baseline -0.009 -19"><span class='ocrx_word' id='word_1_129' title='bbox 212 2591 275 2674; x_wconf 81' lang='lat' dir='ltr'>Qui</span> <span class='ocrx_word' id='word_1_130' title='bbox 289 2591 354 2668; x_wconf 76' lang='lat' dir='ltr'>tuit,</span> <span class='ocrx_word' id='word_1_131' title='bbox 369 2589 575 2672; x_wconf 84' lang='lat' dir='ltr'>Ausoniisque</span> <span class='ocrx_word' id='word_1_132' title='bbox 589 2586 663 2650; x_wconf 90' lang='lat' dir='ltr'>olim</span> <span class='ocrx_word' id='word_1_133' title='bbox 678 2586 845 2651; x_wconf 89' lang='lat' dir='ltr'>ditissimus</span> <span class='ocrx_word' id='word_1_134' title='bbox 860 2588 964 2649; x_wconf 81' lang='lat' dir='ltr'>arvis:</span> 
     </span>
     <span class='ocr_line' id='line_1_22' title="bbox 186 2686 998 2777; baseline -0.014 -16"><span class='ocrx_word' id='word_1_135' title='bbox 186 2739 190 2761; x_wconf 57' lang='lat'>2</span> <span class='ocrx_word' id='word_1_136' title='bbox 212 2691 358 2777; x_wconf 84' lang='lat' dir='ltr'>Quinque</span> <span class='ocrx_word' id='word_1_137' title='bbox 372 2711 481 2777; x_wconf 84' lang='lat' dir='ltr'>greges</span> <span class='ocrx_word' id='word_1_138' title='bbox 496 2689 541 2753; x_wconf 93' lang='lat' dir='ltr'>illi</span> <span class='ocrx_word' id='word_1_139' title='bbox 555 2688 726 2766; x_wconf 71' lang='lat' dir='ltr'>balantum,</span> <span class='ocrx_word' id='word_1_140' title='bbox 742 2691 836 2773; x_wconf 89' lang='lat' dir='ltr'>quina</span> <span class='ocrx_word' id='word_1_141' title='bbox 850 2686 998 2752; x_wconf 89' lang='lat' dir='ltr'>redibant</span> 
     </span>
     <span class='ocr_line' id='line_1_23' title="bbox 206 2793 984 2874; baseline -0.013 -11"><span class='ocrx_word' id='word_1_142' title='bbox 206 2797 375 2874; x_wconf 70' lang='lat' dir='ltr'>Armenta,</span> <span class='ocrx_word' id='word_1_143' title='bbox 390 2805 421 2856; x_wconf 90' lang='lat' dir='ltr'>et</span> <span class='ocrx_word' id='word_1_144' title='bbox 435 2805 551 2856; x_wconf 88' lang='lat' dir='ltr'>terram</span> <span class='ocrx_word' id='word_1_145' title='bbox 564 2803 689 2856; x_wconf 88' lang='lat' dir='ltr'>centum</span> <span class='ocrx_word' id='word_1_146' title='bbox 703 2793 847 2855; x_wconf 89' lang='lat' dir='ltr'>vertebat</span> <span class='ocrx_word' id='word_1_147' title='bbox 860 2793 984 2854; x_wconf 85' lang='lat' dir='ltr'>aratris.</span> 
     </span>
    </p>

    <p class='ocr_par' dir='ltr' id='par_1_6' title="bbox 214 2893 1110 3185">
     <span class='ocr_line' id='line_1_24' title="bbox 257 2893 1110 2981; baseline -0.005 -21"><span class='ocrx_word' id='word_1_148' title='bbox 257 2899 360 2981; x_wconf 79' lang='lat' dir='ltr'>Atque</span> <span class='ocrx_word' id='word_1_149' title='bbox 375 2913 413 2960; x_wconf 89' lang='lat' dir='ltr'>ea</span> <span class='ocrx_word' id='word_1_150' title='bbox 428 2917 485 2980; x_wconf 90' lang='lat' dir='ltr'>per</span> <span class='ocrx_word' id='word_1_151' title='bbox 498 2914 627 2980; x_wconf 87' lang='lat' dir='ltr'>campos</span> <span class='ocrx_word' id='word_1_152' title='bbox 641 2915 732 2978; x_wconf 84' lang='lat' dir='ltr'>aequo</span> <span class='ocrx_word' id='word_1_153' title='bbox 746 2893 819 2958; x_wconf 88' lang='lat' dir='ltr'>dum</span> <span class='ocrx_word' id='word_1_154' title='bbox 836 2893 938 2957; x_wconf 88' lang='lat' dir='ltr'>Marte</span> <span class='ocrx_word' id='word_1_155' title='bbox 952 2903 1110 2979; x_wconf 87' lang='lat' dir='ltr'>geruntur,</span> 
     </span>
     <span class='ocr_line' id='line_1_25' title="bbox 214 2993 1033 3082; baseline -0.007 -18"><span class='ocrx_word' id='word_1_156' title='bbox 214 2999 363 3064; x_wconf 88' lang='lat' dir='ltr'>Promissi</span> <span class='ocrx_word' id='word_1_157' title='bbox 378 2995 439 3060; x_wconf 86' lang='lat' dir='ltr'>dea</span> <span class='ocrx_word' id='word_1_158' title='bbox 452 2997 536 3060; x_wconf 80' lang='lat' dir='ltr'>tacta</span> <span class='ocrx_word' id='word_1_159' title='bbox 551 3009 669 3080; x_wconf 83' lang='lat' dir='ltr'>potens,</span> <span class='ocrx_word' id='word_1_160' title='bbox 683 2995 738 3059; x_wconf 91' lang='lat' dir='ltr'>ubi</span> <span class='ocrx_word' id='word_1_161' title='bbox 753 2995 901 3082; x_wconf 89' lang='lat' dir='ltr'>sanguine</span> <span class='ocrx_word' id='word_1_162' title='bbox 916 2993 1033 3059; x_wconf 86' lang='lat' dir='ltr'>bellum</span> 
     </span>
     <span class='ocr_line' id='line_1_26' title="bbox 214 3096 929 3185; baseline -0.01 -18"><span class='ocrx_word' id='word_1_163' title='bbox 214 3101 340 3181; x_wconf 87' lang='lat' dir='ltr'>imbuit,</span> <span class='ocrx_word' id='word_1_164' title='bbox 354 3113 384 3164; x_wconf 90' lang='lat' dir='ltr'>et</span> <span class='ocrx_word' id='word_1_165' title='bbox 399 3096 504 3185; x_wconf 74' lang='lat' dir='ltr'>primu</span> <span class='ocrx_word' id='word_1_166' title='bbox 518 3099 671 3163; x_wconf 89' lang='lat' dir='ltr'>commisit</span> <span class='ocrx_word' id='word_1_167' title='bbox 686 3098 794 3162; x_wconf 78' lang='lat' dir='ltr'>funera</span> <span class='ocrx_word' id='word_1_168' title='bbox 808 3117 929 3184; x_wconf 79' lang='lat' dir='ltr'>pugnae,</span> 
     </span>
    </p>

    <p class='ocr_par' dir='ltr' id='par_1_7' title="bbox 213 3199 1059 3288">
     <span class='ocr_line' id='line_1_27' title="bbox 213 3199 1059 3288; baseline -0.011 -18"><span class='ocrx_word' id='word_1_169' title='bbox 213 3205 343 3272; x_wconf 88' lang='lat' dir='ltr'>Deserit</span> <span class='ocrx_word' id='word_1_170' title='bbox 359 3201 557 3288; x_wconf 88' lang='lat' dir='ltr'>Hesperiam,</span> <span class='ocrx_word' id='word_1_171' title='bbox 572 3213 613 3280; x_wconf 68' lang='lat' dir='ltr'>et,</span> <span class='ocrx_word' id='word_1_172' title='bbox 626 3199 699 3264; x_wconf 89' lang='lat' dir='ltr'>coeli</span> <span class='ocrx_word' id='word_1_173' title='bbox 714 3220 869 3264; x_wconf 87' lang='lat' dir='ltr'>conversa</span> <span class='ocrx_word' id='word_1_174' title='bbox 884 3220 942 3284; x_wconf 90' lang='lat' dir='ltr'>per</span> <span class='ocrx_word' id='word_1_175' title='bbox 956 3217 1059 3279; x_wconf 85' lang='lat' dir='ltr'>auras,</span> 
     </span>
    </p>

    <p class='ocr_par' dir='ltr' id='par_1_8' title="bbox 214 3299 886 3387">
     <span class='ocr_line' id='line_1_28' title="bbox 214 3299 886 3387; baseline -0.012 -14"><span class='ocrx_word' id='word_1_176' title='bbox 214 3309 367 3374; x_wconf 89' lang='lat' dir='ltr'>Junonem</span> <span class='ocrx_word' id='word_1_177' title='bbox 382 3307 497 3369; x_wconf 84' lang='lat' dir='ltr'>victrix</span> <span class='ocrx_word' id='word_1_178' title='bbox 513 3301 624 3368; x_wconf 85' lang='lat' dir='ltr'>affatur</span> <span class='ocrx_word' id='word_1_179' title='bbox 637 3323 717 3366; x_wconf 88' lang='lat' dir='ltr'>voce</span> <span class='ocrx_word' id='word_1_180' title='bbox 730 3299 886 3387; x_wconf 67' lang='lat' dir='ltr'>superbi:</span> 
     </span>
    </p>

    <p class='ocr_par' dir='ltr' id='par_1_9' title="bbox 215 3403 876 3495">
     <span class='ocr_line' id='line_1_29' title="bbox 215 3403 876 3495; baseline -0.014 -18"><span class='ocrx_word' id='word_1_181' title='bbox 215 3411 265 3477; x_wconf 87' lang='lat' dir='ltr'>En</span> <span class='ocrx_word' id='word_1_182' title='bbox 280 3409 419 3495; x_wconf 83' lang='lat' dir='ltr'>perfecta</span> <span class='ocrx_word' id='word_1_183' title='bbox 433 3407 492 3470; x_wconf 93' lang='lat' dir='ltr'>tibi</span> <span class='ocrx_word' id='word_1_184' title='bbox 506 3403 590 3471; x_wconf 89' lang='lat' dir='ltr'>bello</span> <span class='ocrx_word' id='word_1_185' title='bbox 604 3403 762 3470; x_wconf 86' lang='lat' dir='ltr'>discordia</span> <span class='ocrx_word' id='word_1_186' title='bbox 776 3409 876 3468; x_wconf 83' lang='lat' dir='ltr'>tristi:</span> 
     </span>
    </p>

    <p class='ocr_par' dir='ltr' id='par_1_10' title="bbox 215 3507 1112 3700">
     <span class='ocr_line' id='line_1_30' title="bbox 215 3507 984 3596; baseline -0.012 -16"><span class='ocrx_word' id='word_1_187' title='bbox 215 3515 278 3582; x_wconf 91' lang='lat' dir='ltr'>Dic</span> <span class='ocrx_word' id='word_1_188' title='bbox 294 3514 325 3578; x_wconf 92' lang='lat' dir='ltr'>in</span> <span class='ocrx_word' id='word_1_189' title='bbox 341 3511 508 3578; x_wconf 89' lang='lat' dir='ltr'>amicitiam</span> <span class='ocrx_word' id='word_1_190' title='bbox 522 3512 645 3589; x_wconf 68' lang='lat' dir='ltr'>cudant,</span> <span class='ocrx_word' id='word_1_191' title='bbox 658 3524 690 3573; x_wconf 87' lang='lat' dir='ltr'>et</span> <span class='ocrx_word' id='word_1_192' title='bbox 704 3507 822 3574; x_wconf 86' lang='lat' dir='ltr'>soedera</span> <span class='ocrx_word' id='word_1_193' title='bbox 833 3509 984 3596; x_wconf 79' lang='lat' dir='ltr'>jungau13</span> 
     </span>
     <span class='ocr_line' id='line_1_31' title="bbox 215 3609 1112 3700; baseline -0.01 -19"><span class='ocrx_word' id='word_1_194' title='bbox 215 3613 478 3700; x_wconf 82' lang='lat' dir='ltr'>Quandoquidem</span> <span class='ocrx_word' id='word_1_195' title='bbox 492 3614 630 3677; x_wconf 82' lang='lat' dir='ltr'>Ausonio</span> <span class='ocrx_word' id='word_1_196' title='bbox 645 3613 781 3695; x_wconf 89' lang='lat' dir='ltr'>respersi</span> <span class='ocrx_word' id='word_1_197' title='bbox 796 3613 945 3695; x_wconf 86' lang='lat' dir='ltr'>sanguine</span> <span class='ocrx_word' id='word_1_198' title='bbox 960 3609 1112 3672; x_wconf 85' lang='lat' dir='ltr'>Teucros.</span> 
     </span>
    </p>

    <p class='ocr_par' dir='ltr' id='par_1_11' title="bbox 217 3710 1080 3892">
     <span class='ocr_line' id='line_1_32' title="bbox 217 3710 1080 3792; baseline -0.009 -8"><span class='ocrx_word' id='word_1_199' title='bbox 217 3719 292 3784; x_wconf 90' lang='lat' dir='ltr'>Hoc</span> <span class='ocrx_word' id='word_1_200' title='bbox 307 3720 401 3782; x_wconf 89' lang='lat' dir='ltr'>etiam</span> <span class='ocrx_word' id='word_1_201' title='bbox 416 3716 464 3780; x_wconf 91' lang='lat' dir='ltr'>his</span> <span class='ocrx_word' id='word_1_202' title='bbox 479 3713 604 3792; x_wconf 87' lang='lat' dir='ltr'>addam,</span> <span class='ocrx_word' id='word_1_203' title='bbox 619 3727 670 3777; x_wconf 91' lang='lat' dir='ltr'>tua</span> <span class='ocrx_word' id='word_1_204' title='bbox 685 3713 711 3774; x_wconf 93' lang='lat' dir='ltr'>si</span> <span class='ocrx_word' id='word_1_205' title='bbox 725 3711 802 3774; x_wconf 88' lang='lat' dir='ltr'>mibi</span> <span class='ocrx_word' id='word_1_206' title='bbox 816 3724 903 3776; x_wconf 91' lang='lat' dir='ltr'>certa</span> <span class='ocrx_word' id='word_1_207' title='bbox 918 3710 1080 3790; x_wconf 80' lang='lat' dir='ltr'>voluntas3</span> 
     </span>
     <span class='ocr_line' id='line_1_33' title="bbox 218 3813 950 3892; baseline -0.012 -8"><span class='ocrx_word' id='word_1_208' title='bbox 218 3819 381 3885; x_wconf 82' lang='lat' dir='ltr'>Finitimas</span> <span class='ocrx_word' id='word_1_209' title='bbox 395 3821 427 3882; x_wconf 95' lang='lat' dir='ltr'>in</span> <span class='ocrx_word' id='word_1_210' title='bbox 441 3815 527 3881; x_wconf 89' lang='lat' dir='ltr'>bella</span> <span class='ocrx_word' id='word_1_211' title='bbox 541 3815 640 3879; x_wconf 86' lang='lat' dir='ltr'>seram</span> <span class='ocrx_word' id='word_1_212' title='bbox 654 3813 831 3877; x_wconf 89' lang='lat' dir='ltr'>rumoribus</span> <span class='ocrx_word' id='word_1_213' title='bbox 845 3813 950 3892; x_wconf 81' lang='lat' dir='ltr'>urbes,</span> 
     </span>
    </p>

    <p class='ocr_par' dir='ltr' id='par_1_12' title="bbox 219 3914 1251 4193">
     <span class='ocr_line' id='line_1_34' title="bbox 219 3914 1251 4004; baseline -0.009 -19"><span class='ocrx_word' id='word_1_214' title='bbox 219 3919 461 4004; x_wconf 81' lang='lat' dir='ltr'>Accendamque</span> <span class='ocrx_word' id='word_1_215' title='bbox 477 3918 594 3982; x_wconf 88' lang='lat' dir='ltr'>animos</span> <span class='ocrx_word' id='word_1_216' title='bbox 608 3917 708 3980; x_wconf 85' lang='lat' dir='ltr'>insani</span> <span class='ocrx_word' id='word_1_217' title='bbox 724 3914 836 3978; x_wconf 90' lang='lat' dir='ltr'>Martis</span> <span class='ocrx_word' id='word_1_218' title='bbox 851 3936 967 3996; x_wconf 79' lang='lat' dir='ltr'>amore,</span> <span class='ocrx_word' id='word_1_219' title='bbox 1188 3917 1251 3977; x_wconf 76' lang='lat'>556</span> 
     </span>
     <span class='ocr_line' id='line_1_35' title="bbox 222 4019 1167 4107; baseline -0.008 -20"><span class='ocrx_word' id='word_1_220' title='bbox 222 4021 368 4107; x_wconf 91' lang='lat' dir='ltr'>Undique</span> <span class='ocrx_word' id='word_1_221' title='bbox 384 4033 416 4084; x_wconf 93' lang='lat' dir='ltr'>ut</span> <span class='ocrx_word' id='word_1_222' title='bbox 431 4019 547 4085; x_wconf 82' lang='lat' dir='ltr'>auxilio</span> <span class='ocrx_word' id='word_1_223' title='bbox 561 4023 688 4086; x_wconf 87' lang='lat' dir='ltr'>veniant</span> <span class='ocrx_word' id='word_1_224' title='bbox 701 4043 710 4096; x_wconf 82' lang='lat'>3</span> <span class='ocrx_word' id='word_1_225' title='bbox 732 4037 876 4106; x_wconf 87' lang='lat' dir='ltr'>spargam</span> <span class='ocrx_word' id='word_1_226' title='bbox 891 4037 979 4081; x_wconf 89' lang='lat' dir='ltr'>arma</span> <span class='ocrx_word' id='word_1_227' title='bbox 994 4037 1052 4103; x_wconf 89' lang='lat' dir='ltr'>per</span> <span class='ocrx_word' id='word_1_228' title='bbox 1065 4033 1167 4101; x_wconf 76' lang='lat' dir='ltr'>agros.</span> 
     </span>
     <span class='ocr_line' id='line_1_36' title="bbox 221 4120 1132 4193; baseline -0.007 -3"><span class='ocrx_word' id='word_1_229' title='bbox 221 4125 302 4193; x_wconf 90' lang='lat' dir='ltr'>Tum</span> <span class='ocrx_word' id='word_1_230' title='bbox 316 4126 424 4192; x_wconf 75' lang='lat' dir='ltr'>contra</span> <span class='ocrx_word' id='word_1_231' title='bbox 438 4125 539 4191; x_wconf 82' lang='lat' dir='ltr'>Juuo:</span> <span class='ocrx_word' id='word_1_232' title='bbox 561 4125 732 4190; x_wconf 74' lang='lat' dir='ltr'>Terrarum</span> <span class='ocrx_word' id='word_1_233' title='bbox 747 4135 778 4189; x_wconf 86' lang='lat' dir='ltr'>et</span> <span class='ocrx_word' id='word_1_234' title='bbox 792 4120 910 4188; x_wconf 86' lang='lat' dir='ltr'>fraudis</span> <span class='ocrx_word' id='word_1_235' title='bbox 925 4121 1051 4192; x_wconf 70' lang='lat' dir='ltr'>abundi</span> <span class='ocrx_word' id='word_1_236' title='bbox 1066 4133 1132 4186; x_wconf 82' lang='lat' dir='ltr'>est:</span> 
     </span>
    </p>
   </div>
   <div class='ocr_carea' id='block_1_4' title="bbox 0 0 1477 5130">
    <p class='ocr_par' dir='ltr' id='par_1_13' title="bbox 0 0 1477 5130">
     <span class='ocr_line' id='line_1_37' title="bbox 0 0 1477 5130; baseline 0 0"><span class='ocrx_word' id='word_1_237' title='bbox 0 0 1477 5130; x_wconf 95' lang='lat' dir='ltr'> </span> 
     </span>
    </p>
   </div>
  </div>
 </body>
</html>
