2992 5102
645 483 803 551 ECLOGA
823 481 897 548 Vlll.
1270 497 1306 552 st

271 637 493 722 verbenasque
511 637 606 703 adole
622 638 749 723 pingues
764 652 797 702 et
812 637 948 704 muscus
960 637 1058 716 thura,
1264 643 1305 724 §5

269 742 419 830 Ccnjcgis
435 757 468 806 ut
483 743 616 826 magicis
630 761 720 808 sanes
735 756 873 809 evertere
889 744 984 808 saeris

273 847 424 933 Experiar
440 869 575 914 ansus:
597 847 670 912 nihil
684 846 734 912 hic
749 848 805 912 nisi
821 849 955 912 carmine
971 849 1091 914 desunt.

271 954 386 1018 Ducite
400 955 440 1020 ah
452 955 531 1020 urhe
544 954 685 1034 dcrnum,
700 975 770 1018 mea
786 955 932 1031 carmina,
948 955 1051 1020 ducite
1067 953 1224 1040 Daphnin.
1244 1029 1253 1043 ‚

318 1057 463 1124 Carmina
478 1058 530 1122 rel
544 1059 625 1122 coelc
639 1071 765 1142 possint
778 1059 935 1122 deducere
951 1057 1071 1124 Lunam
1085 1081 1093 1120 r

271 1161 470 1226 Carminibus
484 1159 579 1226 Circe
595 1163 693 1230 socios
708 1163 834 1228 mutavit
849 1161 992 1246 Ulyseei3
1252 1171 1297 1229 to
1423 1159 1428 1164 ’

273 1262 422 1350 Frigidus
432 1267 463 1329 in
478 1267 572 1350 pratis
586 1267 737 1332 cannutio
749 1268 896 1350 rumpitur
911 1267 1027 1351 anguis.

270 1367 389 1434 Ducite
405 1371 444 1436 nh
459 1371 534 1434 urhe
550 1372 686 1450 danaum,
702 1392 772 1438 mea
787 1373 933 1450 cumina,
948 1372 1050 1438 ducite
1066 1374 1220 1460 Daphnin.

318 1472 425 1540 Terea
439 1475 492 1540 tihi
506 1477 571 1542 hec
582 1477 718 1562 primiras
734 1477 842 1562 triplici
859 1479 979 1544 diversa
993 1480 1097 1546 celere

273 1576 364 1642 Licin
379 1581 546 1658 circcrrdc,
560 1597 670 1665 unque
683 1581 752 1650 hec
768 1581 872 1647 altaria
886 1583 1004 1648 circum

276 1679 420 1764 Effigiem
435 1684 538 1748 duent
560 1703 690 1753 numero
705 1685 782 1750 deus
796 1686 911 1770 impare
934 1688 1058 1770 gaudet.
1255 1693 1296 1754 76

276 1785 393 1850 Ducite
404 1789 441 1854 ab
457 1789 532 1854 urbe
548 1791 684 1868 domum,
698 1811 768 1854 mec
783 1792 928 1870 carmina,
944 1793 1046 1858 ducite
1062 1793 1217 1879 Daphnin.

321 1887 420 1954 Necte
435 1893 529 1958 tribus
543 1894 632 1958 nodis
646 1909 759 1972 ternos,
775 1894 934 1978 Amarylli,
950 1897 1068 1962 colores
1083 1919 1094 1977 ς

274 1991 391 2074 Necte,
407 1996 563 2082 Amarylli,
579 1996 692 2064 mcdd:
709 2013 750 2078 et,
765 1999 907 2076 Veneris,
923 2001 983 2079 dic,
999 2003 1118 2066 vincula
1129 2017 1230 2068 necto.
1253 1993 1254 1998 ἵ

273 2097 392 2166 Ducite
409 2102 448 2165 ab
463 2103 537 2194 urhe
554 2104 691 2184 domum,
705 2126 777 2170 rnea
792 2106 937 2182 carmina,
953 2107 1055 2170 ducite
1071 2105 1226 2194 Daphnin.

320 2205 432 2270 Limus
447 2221 481 2270 ut
493 2207 544 2272 hic
560 2209 702 2287 durescit,
718 2224 749 2274 et
761 2211 825 2274 hec
842 2223 876 2273 ut
890 2230 963 2274 cera
978 2209 1117 2294 liquescit
1256 2215 1298 2276 80

273 2307 349 2375 Uno
366 2311 541 2396 efflemque
556 2314 615 2397 igni
623 2338 634 2394 ;
655 2315 697 2378 sic
711 2328 815 2379 nostro
830 2313 970 2398 Daphnis
984 2335 1100 2380 amore.

274 2415 402 2501 Sparge
417 2417 537 2494 molam,
552 2433 584 2482 et
598 2417 719 2504 fragiles
734 2420 863 2485 incende
879 2419 1024 2485 bitumine
1040 2421 1160 2488 laurus:

271 2520 418 2606 Daphnis
432 2543 482 2586 me
497 2523 593 2586 malus
608 2523 666 2588 urit
679 2548 689 2604 ς
712 2545 770 2608 ego
786 2524 864 2588 hanc
879 2525 909 2588 in
925 2523 1088 2610 Daphnide
1103 2527 1232 2590 laurum.

274 2625 390 2690 Ducite
406 2625 443 2690 ab
459 2628 533 2692 urhe
549 2629 686 2706 domum,
703 2649 772 2693 rnee
787 2630 931 2707 carmina,
947 2629 1050 2692 ducite
1066 2629 1221 2715 Daphnin.

276 2729 282 2735 '
319 2727 405 2794 Talis
421 2751 505 2795 amor
519 2731 674 2816 Daphnin,
691 2731 788 2815 qualis
802 2753 895 2815 quurn
910 2729 990 2796 lesse
1000 2731 1166 2816 juvencum
1255 2737 1296 2796 85

275 2835 341 2898 Per
356 2855 479 2899 nemora
495 2851 585 2920 atque
601 2836 678 2900 altos
693 2837 855 2919 querendo
865 2835 977 2900 bucula
993 2837 1078 2900 lucos

275 2940 409 3024 Propter
423 2961 507 3026 aque
523 2941 621 3004 rivum
637 2939 723 3003 viridi
738 2940 911 3024 procumbit
925 2937 1040 3004 inulti

274 3042 414 3122 Perdita,
430 3065 488 3108 nec
499 3065 572 3108 sere
588 3044 727 3110 meminit
738 3044 893 3108 decedere
908 3043 999 3120 nocti,

273 3147 364 3213 Talis
378 3169 463 3213 amor
477 3163 602 3227 tenest3
625 3169 682 3212 nec
692 3149 731 3212 sit
745 3149 817 3212 mihi
833 3169 907 3212 cura
922 3147 1051 3212 mederi.

275 3253 391 3318 Ducite
407 3253 445 3316 ab
460 3253 535 3318 urbe
550 3254 687 3331 domurn,
702 3273 772 3316 rnea
783 3253 927 3330 carmina,
943 3252 1045 3316 ducite
1061 3250 1216 3336 Daphnin.
1254 3254 1297 3316 90

319 3358 390 3423 llas
400 3357 471 3422 clim
487 3359 613 3422 exuvias
627 3357 701 3420 mihi
716 3359 851 3442 perfidus
862 3358 912 3422 ille
928 3358 1057 3442 reliquit,

274 3463 410 3550 Pignora
421 3485 491 3528 cara
508 3465 566 3542 sui,
581 3484 646 3548 que
659 3484 739 3527 nunc
755 3484 824 3548 ego,
840 3464 941 3528 limine
957 3463 987 3526 in
999 3463 1074 3546 ipsc,

273 3569 386 3647 Terra,
398 3570 451 3633 tihi
467 3570 598 3634 mando:
621 3568 734 3634 debent
748 3569 813 3632 hec
827 3569 952 3654 pignora
967 3566 1122 3650 Daphnin.

276 3675 390 3739 Ducite
406 3674 444 3738 ab
460 3673 534 3738 urbe
550 3675 686 3751 domurn,
701 3692 771 3736 mea
786 3673 931 3750 carmina,
947 3671 1049 3734 ducite
1065 3667 1220 3756 Daphnin.

320 3779 386 3845 llas
399 3780 512 3844 herhas
527 3791 617 3862 atque
633 3778 698 3843 hec
713 3777 813 3842 Ponto
828 3777 902 3841 mihi
917 3775 997 3840 lecta
1012 3797 1130 3840 venena
1253 3779 1296 3842 95

275 3885 345 3970 lpse
362 3884 447 3949 dedit
461 3881 592 3947 Moeris:
614 3895 776 3948 nascuntur
791 3881 918 3966 plurima
934 3878 1047 3942 Pcntc.

276 3991 336 4055 llis
349 4011 408 4074 ego
422 3987 506 4074 sepe
521 3987 626 4073 lupum
642 3989 708 4052 fieri
723 4002 754 4052 et
769 3985 949 4052 recondere
965 3983 1047 4050 silvis

273 4095 395 4172 Moerin,
411 4091 494 4178 sepe
510 4092 627 4156 animae
642 4091 709 4156 imis
723 4090 828 4156 excire
845 4088 1002 4172 sepulcris,
