2978 5124
626 537 742 599 LIBER
759 539 836 600 Vlll.
1201 547 1258 604 269

231 695 436 782 Stringentem
451 692 547 779 iipas,
561 707 591 758 et
604 695 730 781 pinguia
743 695 827 759 culta
841 709 1008 777 secantem,

230 798 387 863 Ceruleus
402 799 533 884 Tybris,
546 797 627 862 coelo
640 800 830 884 gratissimus
845 803 954 863 amnis.

230 901 296 964 Hic
311 901 386 964 mibi
400 921 513 985 magna
526 897 645 980 domus,
658 901 752 964 celsis
765 915 859 986 caput
873 901 1001 966 urbibus
1016 905 1091 967 exit.
1216 907 1257 966 65

272 1003 378 1085 Dixit,
399 1002 515 1067 deinde
529 1003 599 1068 lacu
615 1004 722 1067 lluvius
736 1025 770 1068 se
784 1004 921 1068 condidit
935 1004 1007 1086 alto,

229 1107 294 1172 lma
310 1120 437 1193 petens:
460 1129 523 1170 nox
539 1105 658 1170 AEnean
673 1127 858 1190 somnusque
873 1107 1008 1192 reliquit.

231 1211 352 1296 Surgit5
375 1223 415 1288 et,
430 1208 547 1272 etherii
561 1221 705 1296 spectans
719 1209 851 1273 orientia
865 1208 939 1272 solis

228 1311 371 1391 Lumina,
385 1311 444 1374 rite
459 1313 546 1374 caris
560 1309 674 1380 undam
689 1309 729 1374 de
745 1309 868 1374 llurnine
883 1309 994 1394 palmis

227 1414 365 1494 Sustulit,
381 1435 417 1478 ac
434 1413 511 1477 tales
526 1411 654 1477 effundit
668 1397 709 1477 ed
723 1413 842 1478 ethera
856 1435 967 1478 voces:
1216 1421 1256 1486 ⁷0

228 1517 258 1581 N
259 1517 395 1604 ymphae,
409 1517 584 1580 Lamentes
598 1515 765 1602 Nymphae,
778 1537 874 1602 genus
889 1516 1032 1580 amnibus
1046 1515 1129 1580 unde
1143 1530 1199 1598 est,

229 1620 349 1706 Tuque,
364 1642 384 1683 o
398 1619 502 1706 Tybri
516 1631 569 1682 tuo
582 1622 705 1703 genitor
718 1639 788 1684 cum
804 1619 930 1683 flumine
949 1632 1067 1700 sancto,
1155 1689 1159 1694 ,

228 1725 371 1809 Accipite
386 1721 516 1801 AEnean,
529 1735 560 1785 et
575 1721 700 1786 tandem
714 1734 820 1785 arcete
834 1720 970 1808 periclis.
1118 1696 1182 1786 >i

226 1821 295 1908 Quo
310 1839 487 1910 tecumque
502 1823 588 1889 lacus
603 1829 800 1889 miserantem
815 1825 1011 1890 incommoda
1025 1839 1130 1893 nostre

225 1927 324 1992 Fonte
339 1939 432 2006 tenet,
447 1945 642 2012 quocumque
656 1926 723 1990 solo
736 1926 962 2010 pulcherrimus
977 1932 1055 2008 exis,
1217 1935 1255 1994 75

228 2031 357 2115 Semper
371 2029 489 2094 honore
504 2049 583 2108 meo,
597 2050 720 2112 semper
733 2028 939 2092 celebrabere
953 2028 1051 2109 donis,

225 2131 378 2217 Corniger
392 2129 604 2216 Hesperidum
620 2132 729 2194 lluvius
743 2145 888 2216 regnator
903 2152 1064 2215 aquarum.

225 2234 318 2298 Adsis
333 2257 352 2298 o
366 2231 493 2313 tannim,
508 2247 539 2297 et
553 2231 680 2318 propiis
695 2245 748 2297 tua
762 2237 888 2298 numina
903 2235 1016 2300 firmes.

267 2342 319 2404 Sic
335 2353 494 2417 memorat,
508 2343 708 2424 geminasque
724 2339 799 2424 legit
812 2337 852 2404 de
866 2338 967 2404 classe
983 2341 1128 2421 biremes,

224 2439 430 2526 Remigioque
442 2451 547 2525 aptat3
568 2441 668 2504 socios
682 2439 771 2505 simul
787 2443 909 2506 instruit
923 2445 1028 2506 armis.
1214 2449 1256 2514 80

225 2544 309 2608 Ecce
325 2556 437 2622 autem,
451 2543 585 2606 subitum
601 2557 694 2627 atque
708 2543 807 2608 oculis
822 2545 967 2610 mirabile
982 2561 1159 2630 monstnum,

225 2646 372 2712 Candida
386 2667 444 2731 per
458 2645 568 2709 silvam
582 2667 654 2708 curn
664 2647 740 2709 toetu
754 2646 902 2711 concolor
917 2648 991 2712 albo

225 2749 403 2828 Procubuit,
416 2747 572 2832 viridique
587 2752 619 2812 in
634 2748 736 2812 littore
750 2745 948 2836 conspicitul,
963 2775 1032 2817 sus:
1142 2785 1148 2794 ·

223 2853 324 2937 Quam
340 2852 409 2939 pius
425 2849 539 2916 AEneas
553 2851 612 2914 tibi
627 2853 719 2931 enim,
734 2851 801 2930 tibi,
817 2853 952 2916 maxima
965 2855 1057 2935 Juno,

223 2957 352 3034 tractat,
367 2974 458 3018 sacra
472 2953 584 3032 serens,
599 2965 713 3016 etcum
728 2974 821 3040 grege
835 2955 914 3018 sistit
929 2953 972 3018 ad
986 2977 1082 3022 aram.
1137 2971 1142 2980 ’
1213 2969 1253 3028 85
1332 3003 1343 3020 .

224 3057 345 3144 Tybris
360 3053 398 3119 ei
412 3055 548 3133 fluvium,
562 3053 654 3138 quim
669 3053 760 3140 longa
776 3067 831 3134 est,
846 3069 936 3120 nocte
951 3070 1119 3125 tumentem

224 3161 337 3240 Leniit,
351 3172 383 3224 et
396 3155 490 3223 taciti
504 3157 637 3223 refluens
652 3161 696 3222 ita
710 3159 846 3222 substitit
860 3157 952 3240 unde,

223 3265 307 3330 lditis
322 3277 355 3328 ut
369 3267 402 3327 in
417 3283 534 3326 morem
549 3262 648 3347 stagni
660 3259 856 3348 placideque
876 3262 999 3348 paludis

223 3367 382 3434 Sterneret
394 3385 503 3448 aequor
517 3366 617 3448 aquis,
631 3385 717 3428 remo
731 3377 764 3430 ut
778 3363 932 3430 luctamen
947 3367 1082 3433 abesset.

222 3467 306 3558 Ergb
321 3468 381 3532 iter
394 3470 551 3552 inceptum
565 3465 704 3532 celerant
717 3489 840 3532 mmore
856 3467 1003 3534 secundo.
1213 3479 1255 3540 90

222 3571 356 3636 Labitur
370 3581 463 3634 uncta
477 3567 569 3634 vadis
583 3568 690 3632 abies:
713 3573 863 3636 mirantur
877 3583 909 3635 et
922 3569 1023 3650 unde,

225 3675 359 3739 Miratur
372 3693 479 3738 nemus
494 3672 646 3736 insuetum
659 3671 809 3759 fulgentia
824 3671 915 3760 longd

223 3783 316 3848 Scuta
330 3781 435 3846 virtum
449 3780 550 3860 fluvio,
564 3783 727 3866 pictasque
741 3785 850 3846 innare
863 3783 999 3846 carinas.

221 3885 284 3950 Olli
298 3884 429 3971 remigio
443 3897 628 3968 noctemque
642 3882 788 3969 diemque
802 3884 943 3969 fatigant,

222 3987 263 4053 Et
276 3985 384 4074 longos
399 3997 547 4072 superent
560 3984 670 4064 flexus,
684 3989 842 4068 variisque
857 3996 1000 4070 teguntur
1214 4003 1252 4060 95

222 4091 409 4168 Arboribus,
424 4087 601 4172 viridesque
616 4100 724 4152 secmrt
736 4085 864 4174 placido
878 4107 1005 4172 aequore
1020 4089 1125 4158 silvas.

222 4191 277 4258 Sol
291 4191 428 4260 medium
441 4191 516 4258 coeli
529 4189 757 4272 conscenderat
771 4193 878 4280 igneus
893 4191 1014 4261 orbem.
