2992 5102
640 469 795 529 ECLOGA
816 471 851 529 V.

670 641 813 683 uorsus.

244 729 301 790 An
317 721 480 809 quidquam
496 719 586 784 nobis
600 721 651 784 tali
667 724 842 787 sirmunere
859 723 981 809 majus?

247 829 296 894 Et
307 851 385 916 puer
398 831 464 914 ipse
479 823 536 890 suit
550 827 665 890 cantari
681 827 799 911 dignus,
813 843 844 891 et
861 830 918 893 ista

244 935 320 999 Jam
335 934 452 1019 pridem
470 929 618 996 Stimicon
634 931 767 996 laudavit
782 934 1022 999 carminanohis.
1234 941 1274 999 55

643 1055 830 1099 uenandis.

293 1141 454 1208 Candidus
462 1139 612 1204 insuetum
628 1141 753 1204 miratur
767 1141 860 1205 limen
876 1141 1010 1230 Olympi,

246 1249 315 1314 Sub
330 1247 521 1333 pedibusque
536 1246 619 1310 videt
633 1247 731 1310 nubes
747 1259 778 1309 et
788 1247 887 1312 sidera
903 1245 1051 1334 Daphnis.

245 1352 335 1437 Ergo
350 1353 458 1418 alacris
474 1351 561 1414 silvas
572 1365 604 1414 et
619 1363 731 1415 cetera
746 1373 816 1415 rura
830 1352 968 1436 voluptas

243 1457 395 1541 Panaque
406 1469 603 1540 pastoresque
619 1469 713 1532 tener,
730 1454 933 1541 Dryadasque
949 1458 1087 1543 puelias;

244 1561 318 1627 Nec
332 1563 421 1646 lupus
435 1562 557 1626 insidias
569 1564 685 1646 pecori,
700 1581 759 1625 nec
774 1561 849 1626 retia
865 1565 963 1626 cervis

244 1667 319 1732 Ulla
334 1668 435 1731 dolum
450 1667 658 1732 meditantur:
678 1681 759 1730 amat
773 1667 870 1732 honus
886 1670 946 1732 otia
961 1666 1110 1755 Daphnis.

244 1771 310 1857 ipsi
321 1770 419 1835 latitih
433 1791 528 1835 voces
540 1770 579 1834 ad
592 1771 692 1834 sidera
703 1771 821 1856 jactant

241 1877 359 1942 Intonsi
374 1891 514 1956 montes;
536 1875 609 1960 ipsa
619 1876 685 1962 jam
701 1877 836 1940 carmina
851 1899 953 1962 rupes,

174 2011 180 2034 ι
240 1979 314 2068 ipsa
330 1995 438 2044 sonant
452 1981 592 2045 arbusta:
615 1999 712 2057 nens,
729 1999 814 2041 nuos
831 2000 918 2059 runs,
934 1989 1108 2048 munuca!

286 2087 340 2150 Sis
354 2086 453 2148 bonus
468 2106 487 2148 o
503 2083 636 2170 felixque
653 2085 730 2148 tuis!
755 2105 793 2149 en
810 2099 938 2168 quatuor
951 2107 1041 2167 aras,

238 2189 331 2255 Ecce
351 2190 430 2253 duas
444 2187 510 2264 tibi,
522 2186 669 2272 Daphni3
690 2188 777 2266 duas,
794 2189 900 2252 altaria
915 2188 1047 2255 Phoebo.

233 2300 366 2366 Pocula
379 2299 454 2361 bina
468 2316 545 2360 novo
560 2299 723 2379 spumantia
738 2298 818 2363 lacte
835 2301 994 2384 quotannis

235 2410 457 2492 Craterasque
472 2407 531 2470 duo
545 2419 672 2471 statuam
687 2409 739 2474 tibi
750 2410 869 2496 pinguis
885 2411 955 2475 olivi
968 2435 979 2490 3

235 2515 279 2580 Et
294 2512 398 2578 multo
413 2512 442 2574 in
453 2511 557 2598 primis
571 2511 703 2577 hilarans
715 2515 852 2580 convivia
867 2513 1005 2610 chcho,

235 2619 320 2682 Ante
338 2615 454 2692 focum,
470 2616 494 2678 si
509 2613 605 2700 frigus
619 2617 686 2696 erit,
703 2618 728 2681 si
743 2619 862 2697 messis,
878 2621 908 2683 in
920 2620 1037 2702 umbri,

236 2721 319 2788 Vina
332 2742 448 2785 novum
463 2718 589 2783 fundam
606 2717 733 2786 calathis
749 2724 870 2788 Ariusia
885 2739 1012 2790 nectar:

235 2823 417 2893 Cantahuut
427 2825 500 2887 mihi
515 2824 677 2888 Damoetas
692 2839 723 2889 et
738 2819 866 2911 Lyctiui
880 2829 980 2914 AEgon
994 2855 1004 2912 ;

234 2933 395 2998 Sahuntes
411 2929 535 3014 Satyros
550 2929 713 2993 imitabitur
728 2931 954 3016 Alphesiboeus.

234 3039 314 3104 Hes
337 3035 390 3100 tibi
406 3057 527 3122 semper
538 3049 637 3116 erunt,
653 3051 685 3100 et
701 3057 794 3122 quum
809 3040 955 3106 solemnia
969 3059 1039 3110 vota

234 3141 427 3208 Reddemus
440 3139 603 3225 Nymphis,
621 3155 652 3205 et
665 3161 757 3225 quum
773 3121 1079 3235 lustrabimus'agros.
1097 3127 1108 3180 τ

233 3249 321 3315 Dum
333 3249 413 3334 juga
428 3247 637 3333 montis-aper,
653 3248 760 3314 fluvios
775 3249 848 3315 dum
863 3254 954 3340 piscis
970 3257 1090 3335 amabit,

233 3355 388 3440 Dumque
399 3353 504 3436 thymo
519 3367 682 3438 pascentur
697 3377 782 3442 apes,
799 3356 872 3422 dum
888 3381 956 3424 rore
972 3363 1097 3443 cicada,
1205 3413 1209 3422 .

234 3461 374 3548 Semper
389 3460 485 3524 honos
500 3481 671 3547 nomenque
688 3477 772 3528 tuum
788 3464 954 3551 laudesque
970 3467 1144 3534 manebunt.

233 3566 278 3631 Ut
292 3565 430 3633 Baccho
445 3563 628 3650 Cererique,
644 3568 696 3632 tihi
712 3571 755 3634 sic
770 3584 841 3636 vota
857 3576 1017 3658 quotannis

234 3673 391 3758 Agricola
407 3668 539 3736 sacient:
564 3673 721 3739 damnabis
735 3691 767 3739 tu
785 3699 905 3763 quoque
921 3680 1008 3743 votis.
1221 3688 1263 3748 80

656 3798 798 3844 uorsus.

233 3877 314 3954 Qua
329 3879 397 3956 tibi,
416 3899 483 3963 qua
497 3879 549 3944 tali
564 3882 692 3948 reddam
707 3905 763 3969 pro
778 3887 913 3950 carmine
930 3886 1009 3950 dona
1026 3887 1041 3951 ἓ

232 3983 317 4048 Nam
332 4003 440 4067 neque
456 4004 506 4048 me
522 3985 637 4050 tantum
652 3989 800 4053 venientis
816 3989 919 4052 sibilus
934 3991 1037 4070 austri,

232 4087 304 4154 Nec
321 4083 588 4174 percussajuvant
603 4091 696 4158 fluctu
712 4108 773 4160 tam
785 4095 894 4174 littora,
910 4117 968 4162 nec
978 4119 1045 4183 quaa

232 4193 374 4260 Saxosaa
390 4195 473 4258 inter
488 4195 650 4264 decurrunt
664 4197 788 4264 flumina
799 4199 905 4266 valles.

580 4299 602 4359 8
