2914 5130
183 477 243 534 100
627 467 816 534 AENEIDOS

217 631 374 699 Omnibus
389 633 441 700 hic
452 634 512 700 erit
524 641 604 700 unos
618 632 727 700 bonos·
771 633 852 698 Tres
866 633 997 719 praemia
1010 637 1104 720 primi

222 738 397 824 Accipient,
411 737 557 823 flavique
570 751 666 823 caput
679 749 841 802 nectentur
854 735 949 804 olivi.

221 837 342 906 Primus
357 863 470 927 equum
485 840 623 927 phaleris
637 841 787 926 insignem
802 841 902 904 victor
917 839 1044 906 habeto.
1195 847 1258 908 tto

221 943 311 1010 Alter
324 945 528 1010 Amazoniam
542 945 734 1032 pharetram,
747 945 935 1031 plenamque
949 944 1069 1031 sagittis

220 1046 387 1130 Threiciis,
402 1048 465 1114 lato
479 1071 573 1135 quam
587 1049 851 1136 circumplectitur
867 1071 943 1116 atrro

221 1149 359 1232 Balteus,
374 1163 405 1216 et
419 1153 512 1216 tereti
525 1153 681 1218 subnectit
695 1151 791 1218 fibula
806 1151 940 1238 gemma.

220 1253 347 1320 Tertius
361 1255 509 1341 Argolici
524 1255 583 1320 hac
597 1255 688 1342 galesi
701 1267 864 1322 contentus
878 1255 975 1320 abito.

219 1355 303 1422 Hac
319 1358 372 1423 ubi
386 1357 480 1438 dicta,
495 1357 597 1425 locum
610 1361 756 1445 capiunt3
777 1359 927 1445 signoque
941 1359 1072 1443 repente
1194 1367 1258 1422 315

220 1460 401 1548 Corripiunt
415 1463 516 1549 spatia
530 1463 646 1543 audito,
661 1463 816 1549 limenque
830 1461 1008 1548 relinquunt

219 1561 318 1630 Effusi
333 1565 438 1630 nimbo
451 1566 586 1646 similes3
607 1565 698 1632 simul
712 1565 821 1631 ultima
835 1566 968 1652 signant.

220 1665 340 1731 Primus
355 1666 430 1747 abit,
446 1667 599 1754 longeque
614 1681 687 1732 ante
701 1667 806 1732 omnio
820 1687 955 1753 corpora
970 1665 1064 1730 Nisus

219 1769 351 1851 Emicat,
365 1785 397 1836 et
410 1773 510 1836 ventis
523 1785 555 1836 et
569 1771 703 1838 fulminis
717 1771 803 1837 ocior
818 1771 887 1856 alis.

219 1871 382 1938 Proximus
397 1874 479 1956 huic,
494 1874 655 1962 longosed
670 1875 829 1962 proximus
844 1871 1018 1954 intervallo,
1195 1880 1258 1938 320

219 1975 393 2060 insequitur
408 1976 520 2043 Salius.
565 1977 673 2064 Spatio
686 1976 756 2064 pbst
770 1975 885 2042 deinde
899 1973 1020 2056 relicto,

218 2076 344 2142 Tertius
364 2079 533 2166 Euryalus.

217 2177 455 2267 Euryalumque
471 2181 629 2269 Helymus
643 2183 793 2269 sequitur.
836 2179 907 2261 Quo
922 2177 1037 2246 deinde
1051 2179 1111 2246 sub
1125 2181 1193 2267 ipso

218 2281 305 2348 Ecce
318 2284 413 2364 volat,
427 2286 610 2372 calcemque
625 2286 695 2350 terit
704 2287 771 2372 jam
786 2281 875 2348 calce
889 2281 1014 2364 Diores,

217 2385 403 2452 incumbens
418 2386 567 2453 humero:
589 2389 690 2474 spatio
703 2401 735 2452 et
749 2387 775 2450 si
789 2385 879 2472 plura
893 2384 1057 2471 supersint,
1194 2391 1256 2448 305

216 2489 373 2554 Transeat
388 2489 512 2576 elapsus
530 2491 625 2576 prior,
640 2489 859 2576 ambiguumve
874 2487 1043 2574 relinquat.

147 2627 153 2662 ‚
216 2591 351 2677 Jamque
365 2592 432 2656 fere
447 2593 547 2678 spatio
562 2605 703 2658 extremo
716 2592 851 2676 fessique
865 2590 924 2656 sub
939 2593 1038 2676 ipsam

218 2694 327 2761 Finem
342 2695 564 2778 adventabant,
579 2697 640 2763 levi
654 2717 750 2783 quum
764 2695 912 2782 sanguine
927 2691 1021 2758 Nisus

217 2795 350 2864 Labitur
365 2798 493 2880 infelix,
514 2799 604 2864 cresis
618 2813 652 2865 ut
665 2799 746 2865 forth
756 2797 900 2885 juvencis
1031 2831 1037 2846 ·

217 2897 317 2966 Fusus
332 2901 459 2968 humum
473 2901 652 2988 viridesque
666 2921 759 2987 super
773 2897 988 2964 madefecerat
1001 2897 1127 2964 herbas.
1193 2902 1258 2958 330

216 3001 284 3067 Hic
295 3004 428 3090 juvenis,
438 3005 506 3092 jam
521 3006 620 3070 victor
633 3023 742 3084 ovans,
756 3002 885 3088 vestigia
898 3023 1007 3088 presso

217 3107 316 3173 Haud
332 3109 428 3174 tenuit
443 3111 575 3176 titubata
589 3107 675 3188 solo;
696 3105 753 3172 sed
767 3127 883 3192 pronus
897 3105 928 3172 in
943 3107 1011 3190 ipso

216 3209 364 3282 Concidit
379 3211 597 3298 immundoque
612 3212 685 3276 fimo
698 3225 853 3295 sacroque
867 3229 991 3274 cruore.

215 3312 288 3380 Non
303 3327 406 3381 mmen
421 3314 566 3402 Euryali,
579 3337 640 3382 non
655 3313 706 3380 ifle
720 3312 835 3378 oblitus
849 3333 1009 3390 amerum3

216 3415 299 3482 Nam
314 3439 382 3484 sese
396 3419 540 3505 opposuit
554 3416 649 3498 Salio,
663 3437 721 3502 per
735 3415 857 3480 lubrica
870 3433 1011 3500 surgens.
1192 3415 1257 3471 335

216 3518 273 3584 llle
288 3535 392 3590 autem
405 3521 504 3609 spissa
519 3523 620 3608 jacuit
633 3519 791 3588 revolutus
805 3517 912 3584 areni.

215 3621 340 3690 Emicat
355 3624 522 3712 Euryalus,
534 3637 567 3690 et
581 3643 708 3690 munere
722 3623 823 3686 victor
837 3621 929 3686 amici

217 3723 322 3792 Prima
336 3741 430 3808 tenet,
449 3727 622 3814 plausuque
636 3723 721 3794 volat
735 3725 920 3808 fremituque
934 3719 1084 3788 secundo.

218 3826 292 3892 Pbst
306 3831 465 3918 Helymus
479 3831 570 3913 subit,
585 3843 616 3898 et
630 3849 711 3894 nunc
726 3829 817 3894 tertia
838 3823 943 3912 palma
957 3823 1083 3890 Diores.

218 3931 285 3998 Hic
301 3945 518 4002 totumcarem
533 3955 711 4001 consessum
725 3931 973 4019 ingentlsctora
1192 3931 1257 3988 840

217 4035 320 4102 Prima
334 4051 457 4123 patrum
472 4041 590 4127 magnis
606 4037 707 4104 Salius
722 4034 910 4102 clamoribus
925 4033 1032 4120 implet
1045 4060 1055 4114 ς

217 4137 428 4225 Ereptumquo
443 4139 516 4206 dolo
530 4139 622 4206 reddi
636 4141 699 4206 sibi
710 4140 812 4226 poscit
826 4137 989 4204 honorem.
