2914 5130
173 387 227 448 tas
615 381 802 470 mannos

212 540 385 607 Monstrum
396 536 594 618 horrendum,
602 538 745 619 informe,
752 538 869 624 ingens,
876 542 929 623 cui
938 537 1043 606 lumen
1054 540 1242 630 ademptum.

212 640 340 708 Trunca
354 661 447 708 manu
460 642 550 728 pinus
564 643 643 726 regit
658 653 689 705 et
702 643 834 726 vestigia
848 641 961 706 firmat.

211 747 375 834 Lanigerae
389 746 573 810 comitantur
587 765 682 824 oves3
703 765 742 810 ea
755 743 822 808 sola
836 743 986 829 voluptas,
1181 757 1243 816 660

213 851 418 936 Solamenque
436 849 519 914 mali.

212 952 379 1039 Postquam
393 951 471 1016 altos
485 951 582 1036 tetigit
596 950 714 1031 fluctus,
728 963 760 1016 et
774 950 814 1016 ad
829 971 956 1036 equora
970 953 1064 1034 venit,

211 1053 350 1120 Luminis
364 1052 465 1118 effossi
479 1052 606 1118 fluidum
620 1053 695 1118 lavit
710 1051 781 1117 inde
795 1074 948 1134 cruorem,

210 1155 365 1222 Dentrlam
379 1155 557 1221 infrendens
569 1159 702 1244 gemitu3
723 1155 924 1242 graditurque
938 1180 995 1243 par
1009 1181 1115 1246 aequor
1221 1213 1224 1222 .

210 1261 282 1326 Jam
297 1259 440 1341 medium,
454 1258 586 1324 necdum
600 1260 709 1324 fluctus
724 1257 822 1324 latera
838 1259 936 1324 ardua
948 1261 1050 1329 tinxit.
1178 1270 1240 1328 666

210 1363 275 1429 Nos
289 1363 397 1450 procul
412 1363 483 1428 inde
499 1366 602 1450 lugam
615 1362 728 1449 trepidi
743 1363 892 1444 celerare,
907 1379 1034 1451 recepto

210 1468 366 1554 Supplice,
380 1469 424 1532 sic
438 1469 567 1547 merit03
586 1468 735 1552 tacitique
750 1467 889 1533 incidere
903 1469 1026 1534 funem:

209 1570 373 1636 Verrimus
387 1583 418 1634 et
432 1571 522 1656 paoni
536 1569 726 1634 certantibus
740 1591 868 1654 aequora
882 1573 986 1634 remis.

210 1674 318 1755 Sensit,
333 1687 363 1738 et
378 1672 419 1738 ad
433 1673 563 1738 sonitum
577 1677 664 1761 uocis
678 1674 806 1759 vestigia
822 1673 920 1738 torsit.

208 1773 338 1856 verum,
352 1775 406 1839 ubi
421 1773 505 1838 nulla
518 1773 610 1838 datur
623 1774 737 1838 dextra
751 1773 899 1840 affectare
914 1789 1061 1861 potestas,
1177 1769 1238 1844 670
1257 1819 1262 1828 ·

209 1878 276 1943 Nec
290 1878 371 1965 potis
387 1876 487 1941 lonios
501 1875 610 1942 fluctus
624 1897 750 1962 aquare
765 1877 934 1962 sequendo,

208 1982 386 2046 Clamorem
401 1981 582 2046 immensum
596 1978 684 2060 tollit,
700 2002 762 2065 quo
775 1993 887 2066 pontus
901 1995 932 2046 et
945 2004 1051 2048 omnes

207 2082 398 2150 Intremuere
413 2080 711 2168 undae‚peniti1sque
725 2085 876 2146 exterrita
895 2082 985 2148 tellus

208 2185 315 2266 ltalia,
329 2185 492 2269 curvisque
507 2183 657 2269 immugiit
673 2182 762 2248 AEtna
776 2187 932 2250 cavernis.

206 2291 248 2356 At
262 2310 357 2376 genus
372 2311 389 2352 e
405 2287 488 2352 silvis
502 2287 680 2374 Cyclopum
695 2287 894 2352 etmontibus
909 2288 979 2353 altis
1175 2297 1235 2355 67⁵

207 2393 352 2457 Excitum
366 2394 428 2455 ruit
442 2390 485 2454 ad
498 2403 614 2475 portus,
629 2404 660 2455 et
675 2391 776 2456 littora
790 2391 959 2478 complent.

206 2492 370 2556 Cernimus
385 2489 542 2556 adstantes
556 2491 766 2576 nequidquam
781 2493 895 2558 lumine
910 2507 998 2560 torvo

206 2595 341 2660 AEtnaeos
355 2595 477 2673 iratres,
491 2594 571 2659 coelo
586 2595 690 2680 capita
706 2594 768 2660 alta
786 2596 932 2677 ferentes,

205 2697 377 2762 Concilium
392 2697 597 2763 horrendum:
621 2698 729 2782 quales
744 2719 837 2783 quum
852 2699 969 2764 vertice
982 2697 1067 2764 celso
1110 2774 1114 2783 Ι

205 2805 310 2868 Adria
325 2822 456 2886 quercus
470 2815 523 2866 aut
536 2803 683 2867 coniferae
697 2803 854 2888 cyparissi
1173 2791 1235 2866 680

205 2904 424 2982 Constiterunt,
439 2902 515 2968 silva
529 2902 593 2968 alta
606 2903 703 2984 lovis,
718 2903 844 2968 lucusve
859 2901 982 2970 Dianae.

206 3008 385 3093 Pracipites
399 3019 498 3072 metus
513 3028 588 3073 acer
601 3008 663 3094 agit
679 3005 876 3094 qudcumque
889 3007 1036 3074 rudentes

204 3109 371 3188 chuterq
386 3121 416 3173 et
426 3109 529 3186 ‚ventis
543 3108 706 3174 intendere
720 3108 961 3176 vela'secundis.

204 3212 331 3291 Contra,
341 3214 428 3299 jussa
443 3223 566 3276 monent
581 3211 699 3278 Heleni
715 3210 854 3298 Scyllam
869 3225 963 3298 atque
979 3213 1179 3302 Charybdim

204 3320 297 3400 luter,
310 3330 473 3402 utramque
487 3318 569 3383 viam
584 3317 637 3383 leti
651 3317 831 3384 discrimine
846 3337 954 3403 parvo,
1168 3322 1230 3379 685

204 3419 246 3484 Ni
261 3433 385 3486 teneant
398 3441 526 3484 cursus:
549 3434 669 3486 certum
684 3433 730 3484 est
745 3419 821 3484 dare
836 3418 932 3483 lintea
945 3425 1041 3484 reue.

203 3523 288 3589 Ecce
303 3537 405 3589 autem
420 3523 538 3588 Boreas
553 3523 680 3610 angusta
695 3525 737 3588 ab
752 3523 827 3588 sede
844 3522 948 3588 Pelori

203 3627 316 3690 Missus
331 3626 438 3691 adeste
461 3629 534 3690 vivo
548 3626 762 3712 praetervehor
775 3627 854 3691 ostia
868 3648 945 3690 saxo

204 3727 371 3813 Pantagiae,
386 3729 593 3816 Megarosque
607 3728 700 3807 sinus,
715 3725 938 3812 Thapsumque
948 3727 1118 3813 jacentem.

203 3830 295 3895 Talia
310 3835 502 3899 monstrabat
515 3833 657 3921 relegens
671 3844 776 3897 errata
790 3844 957 3897 retrorsum
1170 3837 1233 3896 690

203 3931 323 3995 Littora
338 3933 575 4017 Achemenides‚
589 3955 694 4000 comes
708 3933 839 3999 infelicis
854 3930 992 4018 Ulyssei.

248 4033 372 4100 Sicanio
386 4050 537 4120 proetenta
551 4043 621 4107 sinu
630 4041 718 4127 jacet
731 4036 832 4106 insula
845 4049 955 4104 contra
1063 4079 1068 4088 ·
