2956 5132
659 503 775 566 LIBER
796 506 817 564 1.

237 663 360 729 Prmica
375 675 475 745 regna
489 653 591 735 vich,
614 653 742 741 Tyrios,
757 668 788 719 et
803 655 961 742 Agenoris
975 652 1106 734 urbem;

240 764 308 830 Sed
323 763 399 828 lines
414 759 546 844 Libyci,
560 777 658 842 genus
673 755 873 820 intractabile
889 754 986 820 bello.

241 865 414 950 Imperium
429 859 517 926 Dido
533 858 636 944 Tyrii
650 861 730 944 regit
744 859 824 922 urbe
839 858 992 944 profecta,

243 967 438 1030 Germanum
453 963 594 1048 fugiens:
617 959 709 1046 longa
724 971 771 1022 est
786 962 909 1045 injuria,
924 959 1021 1048 longe

246 1069 424 1154 Ambages3
445 1065 503 1130 sed
519 1085 639 1129 summa
653 1083 770 1148 sequar
784 1063 910 1150 fastigia
923 1085 1039 1130 rerum.

291 1170 377 1234 Huic
392 1169 510 1255 conjux
526 1165 677 1252 Sycheus
692 1178 771 1246 erat,
786 1164 956 1230 ditissimus
971 1171 1040 1254 agri

248 1273 444 1351 Plroenicum,
459 1281 491 1334 et
505 1283 617 1354 magno
632 1271 752 1333 misere
766 1266 903 1332 dilectus
916 1289 1039 1334 amore:

244 1375 308 1440 Cui
324 1388 416 1461 pater
431 1378 580 1438 intactam
594 1370 737 1452 dederat,
751 1371 1061 1458 primisquejugfirat

245 1480 424 1545 Ominibus.
449 1477 511 1542 Sed
526 1497 624 1562 regna
639 1474 723 1561 Tyri
737 1495 903 1561 germanus
918 1473 1059 1538 habebat

249 1581 445 1671 Pygmalion,
460 1579 583 1645 scelere
597 1591 670 1644 ante
685 1577 764 1643 alios
779 1580 944 1642 immanior
958 1597 1077 1641 omnes.

247 1687 338 1769 Quos
352 1683 568 1750 intermedius
582 1687 670 1748 venit
685 1683 771 1746 furor
780 1689 796 1744 τ’
811 1679 865 1745 ille
881 1679 1049 1765 Sychaeum

248 1787 370 1873 Impius
385 1799 455 1850 ante
470 1807 551 1865 aras,
568 1798 663 1870 atque
678 1787 747 1848 auri
762 1803 863 1847 cecus
878 1803 995 1862 amore,

246 1887 347 1952 Clam
362 1887 445 1952 ferro
458 1891 617 1952 incautum
631 1897 769 1971 superat,
784 1901 913 1950 securus
928 1905 1068 1954 amorum

246 1990 431 2068 Germana3
453 1987 851 2074 lactrmquediucelavi13
873 1998 904 2051 et
919 2007 1042 2074 egram,

246 2091 352 2157 Multa
367 2090 467 2156 malus
482 2091 641 2172 simulans,
654 2089 738 2156 rand
752 2112 808 2176 spe
824 2089 896 2155 lusit
911 2103 1079 2156 amantem.

246 2195 325 2283 Ipsa
338 2195 394 2260 sed
409 2199 442 2261 in
456 2200 571 2260 somnis
586 2195 741 2260 inhumati
754 2197 841 2259 venit
856 2197 959 2281 imago

245 2299 412 2388 Conjugis,
426 2319 485 2363 ora
498 2299 596 2363 modis
611 2299 756 2364 attollens
771 2297 892 2384 pallida
906 2301 1014 2362 miris:

242 2403 410 2468 Crudeles
425 2423 498 2466 aras
512 2403 702 2489 trajectaque
715 2416 847 2489 pectora
861 2402 945 2466 ferro

243 2505 403 2586 Nudarit,
417 2525 592 2592 cecumque
607 2503 718 2572 demtis
732 2503 835 2571 scelus
849 2527 940 2570 omne
954 2508 1080 2570 retexit.

245 2609 333 2674 Tum
346 2609 489 2674 celerare
503 2610 610 2696 lugam
622 2608 788 2695 patriisque
803 2607 960 2674 excedere
975 2607 1101 2674 suadet:

246 2709 473 2796 Auxiliumque
487 2713 546 2776 vie
561 2723 684 2775 veteres
698 2709 811 2776 tellure
825 2707 960 2775 recludit

246 2813 440 2894 Thesauros,
454 2817 593 2901 ignotum
608 2817 729 2900 argenti
744 2813 866 2900 pondus
882 2827 912 2878 et
927 2818 1007 2880 auri.

245 2913 314 2980 His
327 2929 492 2995 commota,
506 2915 611 3001 nugam
625 2913 712 2979 Dido
726 2919 890 3000 sociosque
904 2916 1050 3001 parabat.

245 3015 448 3084 Conveniunt
461 3019 576 3104 quibus
592 3031 645 3084 aut
659 3017 766 3083 odium
780 3015 909 3082 crudele
924 3022 1060 3104 tyranni,

249 3121 314 3184 Aut
329 3135 425 3186 meurs
440 3142 516 3187 acer
530 3134 616 3203 erat3
637 3142 735 3187 naves
750 3141 818 3207 que
832 3119 912 3186 forte
926 3134 1043 3207 parate

248 3222 444 3311 Corripiunt,
458 3239 651 3311 onerantque
667 3245 762 3305 am03
783 3239 947 3312 portantur
960 3229 1049 3290 avari

249 3326 467 3415 Pygmalionis
481 3327 704 3416 opes'pelagor
720 3327 785 3393 dux
801 3329 927 3394 immina
940 3329 1029 3392 lacti.
1077 3410 1080 3420 Ι
1220 3352 1227 3366 ·

246 3429 421 3495 Devenere
436 3429 521 3495 locos
535 3431 591 3495 ubi
605 3452 688 3495 nunc
702 3433 840 3517 ingentia
855 3449 965 3494 cernes

249 3531 381 3612 Moenia,
395 3545 634 3620 surgentemque
650 3551 735 3597 nove
750 3531 953 3618 Carthaginis
967 3551 1090 3595 arcem:

248 3633 449 3721 Macatique
465 3633 573 3713 solum,
587 3633 663 3698 iacti
678 3630 718 3698 de
732 3637 857 3700 nomme
873 3633 1019 3719 Byrsam,

247 3733 392 3802 Taurino
407 3735 554 3825 quantum
569 3750 696 3824 possent
709 3737 907 3804 circumdare
922 3750 1020 3824 tergo.

246 3837 317 3903 Sed
331 3859 387 3904 ros
401 3845 455 3926 qui
470 3838 616 3906 tandem?
637 3841 751 3926 quibus
767 3854 820 3907 aut
833 3844 963 3906 venistis
978 3841 1021 3906 ab
1034 3844 1119 3906 orisi

243 3940 363 4026 Qudne
377 3946 488 4008 tenetis
502 3947 586 4008 iteri
606 3944 764 4028 Quaerenti
780 3943 895 4009 ulibus
909 3942 963 4008 ille

243 4045 431 4130 Suspirans,
444 4047 576 4130 imoque
584 4045 711 4112 trahem
726 4068 747 4111 a
760 4058 888 4132 pectore
899 4065 1027 4112 rocem:

289 4145 323 4212 Ο
339 4145 413 4228 dea,
428 4150 456 4212 si
469 4147 571 4234 primi
584 4149 787 4235 repetens·ab
800 4141 920 4237 origine
933 4171 1071 4260 pergam,

594 4258 632 4314 15

1217 3953 1282 4013 ³70
