2914 5130
641 517 762 586 laffllll
778 519 816 578 V.

225 675 340 747 Factus
355 677 473 744 bonos:
496 673 617 762 placidi
631 685 810 740 straverunt
824 693 953 760 {equora
965 676 1063 754 venti,

227 781 352 848 Creber
366 779 577 866 etadspirans
592 799 698 844 rursus
712 791 806 844 vocat
819 780 934 846 Auster
948 782 982 844 in
996 777 1105 846 altum.

224 887 378 952 Exoritur
391 879 861 971 procurvaingensperlittora
876 881 988 946 fletus:
1204 879 1268 944 700

226 987 393 1072 Complexi
409 989 492 1050 inter
506 1007 541 1050 se
555 996 741 1070 noctemque
755 982 903 1068 diemque
918 995 1089 1048 morantur.

227 1090 307 1176 lpsae
319 1091 387 1177 jam
402 1101 530 1168 matres,
542 1090 604 1173 ipsi
619 1087 733 1172 quibus
749 1107 863 1172 aspera
877 1085 1035 1174 qnondam

225 1193 308 1258 Visa
323 1193 422 1258 maris
436 1190 546 1270 iacies,
560 1203 592 1256 et
606 1212 668 1255 non
682 1188 848 1256 tolerabile
862 1212 985 1272 numen,

226 1297 278 1361 lre
293 1295 414 1376 volunt,
428 1315 613 1380 omnemque
628 1293 709 1380 tog-e
724 1293 867 1380 perferre
882 1291 1035 1360 laborem.

223 1401 314 1483 Quos
328 1399 430 1464 bonus
445 1396 562 1462 AErrcas
575 1397 669 1462 dictis
685 1395 803 1462 solatur
817 1399 937 1476 amicis,
1045 1417 1050 1446 ¹
1207 1403 1269 1466 770

225 1504 267 1568 Et
281 1505 516 1588 consanguineo
531 1498 717 1588 lacrymans
728 1500 925 1566 commendat
939 1503 1075 1566 Aceste.

225 1604 308 1670 Tres
324 1604 424 1690 Eryci
439 1602 564 1684 vitulos
578 1615 610 1668 et
624 1603 878 1690 Tempestatibus
893 1623 1015 1690 agnam,

226 1706 363 1772 Credere
379 1705 495 1774 deinde
505 1708 607 1795 jubet,
621 1705 763 1792 solvique
778 1729 818 1772 ex
832 1706 943 1774 ordine
957 1708 1073 1774 sunem.

228 1812 310 1897 lpse,
324 1825 421 1897 caput
434 1823 532 1876 tonsae
546 1809 629 1874 foliis
643 1813 783 1874 evinctus
797 1809 900 1890 olivae,

227 1915 320 1978 Stans
334 1913 446 2000 procul
461 1915 492 1980 in
506 1911 611 1998 prorui,
625 1925 768 1999 pateram
782 1924 876 1998 tenet,
891 1925 1028 2000 extaque
1042 1911 1141 1980 salsos
1207 1917 1268 1978 775

230 2015 365 2080 Porticit
379 2017 412 2080 in
427 2015 547 2094 fluctus,
562 2014 687 2080 aerina
703 2012 851 2099 liquentia
866 2012 977 2080 fundit.

229 2116 431 2202 Prosequitur
444 2137 573 2203 surgens
587 2137 607 2180 a
620 2119 720 2201 puppi
734 2129 845 2182 ventus
859 2128 985 2180 euntes:

229 2219 383 2286 Certatim
397 2219 474 2284 socii
490 2219 606 2286 feriunt
620 2241 718 2300 mare,
732 2232 764 2284 et
777 2239 904 2306 aequora
918 2231 1056 2286 verrunt.

273 2326 317 2388 At
331 2323 442 2390 Venus
456 2323 577 2388 interea
592 2322 780 2408 Neptunum,
794 2325 935 2388 exercita
949 2325 1044 2404 curis,

228 2425 419 2514 Alloquitur,
432 2426 571 2512 talesque
586 2424 718 2492 effundit
731 2439 860 2512 pectore
874 2440 1022 2513 questus:
1207 2431 1270 2494 700

227 2530 356 2596 lunonis
370 2533 478 2618 gravis
492 2530 549 2610 ira,
564 2552 623 2596 nec
639 2529 851 2596 exsaturabile
865 2545 985 2618 pectus,

228 2632 352 2721 Cogunt
366 2655 426 2714 me,
442 2633 597 2720 Neptune,
609 2655 723 2720 preces
737 2633 932 2702 descendere
945 2637 977 2700 in
991 2657 1119 2704 omnes:
1224 2693 1227 2700 .

228 2737 331 2820 Quam
346 2759 405 2804 nee
420 2737 513 2826 longa
527 2739 607 2816 dies,
621 2739 722 2824 pietas
736 2760 795 2806 nec
810 2741 932 2826 mitigat
945 2737 1029 2822 ulla;
1114 2735 1118 2742 ’

228 2839 297 2906 Nec
312 2839 401 2904 Jovis
417 2841 550 2927 imperio
564 2841 678 2906 setisve
693 2841 826 2908 infracta
839 2841 982 2928 quiescit.

223 2942 299 3008 Non
315 2940 421 3010 mediis
435 2943 476 3008 de
490 2956 582 3030 gente
598 2942 759 3030 Phrygum
774 2944 919 3012 exedisse
933 2944 1075 3012 nefandis
1205 2951 1267 3012 705

231 3043 354 3112 Urbem
368 3043 449 3113 odiis
463 3049 539 3112 satis
553 3059 611 3128 est,
626 3069 684 3114 nec
698 3069 824 3134 poenam
839 3062 929 3114 traxe
946 3070 1140 3135 peromnem

228 3147 413 3235 Reliquias3
434 3149 540 3238 Trojae
551 3150 674 3218 cineres
688 3164 783 3238 atque
796 3174 869 3220 ossa
883 3165 1055 3239 perempte

229 3253 425 3338 Insequitur:
447 3275 560 3320 causas
575 3256 653 3322 tanti
667 3259 747 3322 sciat
760 3255 816 3322 illa
829 3258 954 3324 furoris.

229 3357 299 3442 lpse
314 3355 392 3422 milri
407 3378 507 3442 nuper
521 3357 656 3446 Libycis
670 3371 704 3426 tu
718 3363 805 3426 testis
819 3361 851 3426 in
865 3358 958 3428 undis

226 3461 331 3544 Quam
346 3459 460 3526 molem
475 3461 579 3528 subitb
594 3463 742 3530 excierit:
766 3467 867 3530 muria
882 3467 987 3531 omnia
1001 3464 1083 3532 coelo
1203 3469 1265 3530 790

227 3563 365 3645 Miscuit,
379 3563 491 3630 AEoliis
504 3565 718 3653 nequidquam
731 3567 813 3634 freta
826 3566 992 3654 procellisr

228 3667 263 3732 ln
277 3667 381 3754 regnis
395 3665 457 3732 hoc
472 3689 548 3734 ausa
563 3671 634 3734 tuis.

229 3769 289 3834 Per
303 3769 407 3836 scelus
421 3791 498 3838 ecce
512 3772 607 3842 etiam
621 3773 767 3862 Trojanis
781 3775 933 3866 matribus
947 3775 1028 3844 actis

228 3873 357 3949 Exussit
371 3869 457 3936 fode
471 3893 602 3960 puppes,
617 3887 648 3940 et
662 3875 764 3942 classe
779 3877 904 3963 subegit

228 3975 354 4040 Amissi
369 3979 474 4042 socios
486 3979 600 4064 ignote
614 3977 756 4066 linquere
774 3991 875 4044 terre.
1205 3991 1267 4052 795

226 4075 320 4160 Quod
335 4089 488 4162 superest,
502 4099 569 4160 oro,
582 4078 676 4146 liceat
690 4079 770 4146 dare
784 4093 850 4146 tuta
863 4103 921 4168 per
935 4081 1036 4150 undas

229 4178 313 4244 Vela
329 4179 410 4262 tibi3
431 4178 525 4248 lioeet
539 4181 730 4250 Laurentem
745 4185 896 4272 attingere
912 4185 1069 4276 Tybrimr
