2978 5124
678 487 794 550 LIBER
813 489 849 550 X.

269 643 416 711 Loricam
431 642 600 731 clypeique
615 647 721 732 ingens
735 665 813 710 onus
827 641 936 730 imped
973 643 1076 712 hasti.

269 748 350 814 Tum
363 761 459 835 caput
473 752 591 814 orantis
605 748 825 834 nequidquam,
840 761 872 813 et
885 748 981 814 multa
994 751 1133 835 parantis

268 851 396 936 Dicere,
407 854 555 920 deturbat
567 868 680 934 terrae3
701 866 904 938 truncumque
919 867 1076 941 tepentem
1241 860 1302 916 55⁵

269 955 469 1038 Provolvens,
483 980 577 1044 super
591 957 660 1024 hoec
675 958 801 1024 inimico
815 971 944 1043 pectore
958 960 1059 1024 latur:

268 1060 341 1126 lstic
355 1084 448 1142 nunc,
460 1060 638 1140 metuende,
648 1061 739 1146 jace:
762 1083 824 1125 non
839 1074 869 1124 te
883 1063 998 1148 optima
1013 1075 1113 1127 mater

268 1165 393 1230 Condet
407 1165 502 1246 humi,
515 1168 658 1252 patriove
673 1165 817 1230 onerabit
831 1167 972 1231 membra
986 1166 1145 1252 sepulcro:

268 1265 403 1332 Alitibus
418 1267 558 1352 linqudre
573 1267 664 1346 seris:
686 1279 739 1331 aut
752 1268 873 1354 gurgite
890 1290 1025 1334 mersum

265 1365 298 1432 U
300 1367 362 1433 nda
376 1369 466 1450 feret,
480 1372 645 1455 piscesque
660 1369 784 1454 impasti
799 1369 927 1435 vulnera
942 1369 1091 1436 lambent.
1239 1373 1303 1432 560

267 1471 417 1538 Protenus
431 1476 574 1538 Antaeum
589 1485 621 1537 et
634 1473 764 1554 Lucam,
779 1476 880 1560 prima
895 1475 1018 1559 agmina
1032 1475 1142 1554 Turni,

268 1575 478 1662 Persequitur,
493 1578 667 1671 fortemque
681 1577 826 1656 Numam,
841 1577 1019 1662 fulvumque
1034 1577 1224 1658 Camertem,

148 1693 158 1710 ⁰
266 1676 467 1766 Magnanimo
481 1677 653 1745 Volscente
668 1691 777 1760 satum,
792 1679 960 1746 ditissimus
976 1683 1044 1766 agri

265 1781 328 1864 Qui
343 1784 401 1848 suit
415 1783 619 1864 Ausoniditm,
634 1797 665 1848 et
678 1787 783 1848 tacitis
797 1787 940 1870 regnavit
954 1781 1111 1869 Amyclis.

268 1887 396 1974 AEgaeon
412 1888 522 1972 qualis,
537 1903 661 1954 centum
675 1889 726 1954 cui
739 1889 873 1954 brachia
885 1889 996 1954 dicunt
1037 1917 1041 1926 ⁴
1236 1893 1299 1953 ⁵6⁵

265 1989 484 2077 centenasque
499 2014 617 2072 manus,
632 1993 854 2078 quinquaginta
869 1993 976 2058 oribus
990 1995 1095 2079 ignem

266 2094 511 2180 Pectoribusque
527 2096 650 2176 arsisse,
664 2096 753 2160 Jovis
768 2117 863 2180 quum
876 2094 1006 2186 fulmina
1024 2109 1134 2162 contra

263 2197 327 2263 Tot
340 2199 469 2284 paribus
483 2213 636 2285 streperet
649 2200 781 2287 clypeis,
795 2212 840 2265 tot
854 2204 1020 2287 stringeret
1034 2222 1143 2267 enses:

264 2301 317 2366 Sic
332 2313 396 2364 toto
410 2299 529 2366 AEneas
543 2301 673 2368 desaevit
687 2305 718 2366 in
734 2323 860 2386 aequore
875 2302 985 2381 victor,

264 2401 309 2468 Ut
323 2402 420 2468 semel
434 2406 564 2491 intepuit
578 2425 696 2470 mucro.
740 2405 824 2487 Quin
840 2426 915 2470 ecce
929 2403 1055 2491 Niplraei
1237 2410 1300 2470 sto

262 2505 472 2594 Quadrijuges
487 2512 518 2572 in
533 2530 629 2593 equos
645 2507 838 2593 adversaque
852 2523 982 2595 pectora
996 2508 1114 2574 tendit:

262 2612 366 2694 Atque
380 2609 427 2674 illi
441 2609 531 2697 longe
545 2611 738 2698 gradientem
753 2623 784 2676 et
798 2611 868 2677 dira
881 2613 1064 2679 frementem

263 2710 308 2775 Ut
322 2711 441 2792 videre,
458 2725 540 2776 metu
555 2717 648 2792 versi,
663 2724 809 2797 retroque
823 2727 958 2796 ruentes,

260 2811 494 2900 Effunduntque
509 2814 632 2895 ducem,
645 2815 832 2900 rapiuntque
846 2815 887 2882 ad
902 2815 1008 2883 littora
1022 2795 1142 2883 currus.

305 2919 427 2983 lnterea
445 2919 554 3005 bijugis
569 2920 661 2984 insert
676 2941 709 2984 se
724 2919 869 3007 Lucagus
884 2920 964 2986 albis
1233 2927 1295 2998 5¹1⁵,

260 3023 297 3086 ln
311 3021 441 3102 medios,
456 3022 613 3106 fraterque
629 3022 744 3108 Liger:
767 3022 823 3088 sed
838 3023 935 3088 frater
950 3023 1083 3089 habenis

260 3125 374 3190 Flectit
389 3147 503 3210 equos3
525 3129 761 3191 strictum-rotat
775 3147 851 3192 acer
864 3127 1010 3213 Lucagus
1025 3149 1142 3208 ensem.

259 3229 359 3294 Haud
376 3229 446 3293 tulit
460 3228 573 3293 AEneas
588 3241 674 3294 tanto
688 3229 812 3294 fervore
826 3231 980 3296 furentes:

257 3333 364 3412 lrruit,
377 3330 572 3417 adversique
588 3333 696 3418 ingens
711 3337 857 3419 apparuit
872 3332 972 3398 hasti.
1210 3381 1214 3392 ,

257 3435 321 3500 Cui
334 3435 448 3522 Liger:
1230 3441 1292 3502 580

225 3613 229 3620 ¹
258 3536 330 3601 Non
344 3537 510 3602 Diomedis
525 3558 631 3622 equos,
646 3560 705 3602 nec
720 3560 830 3604 currus
843 3541 946 3605 cernis
960 3537 1086 3620 Achilli,

258 3643 322 3704 Aut
337 3641 483 3727 Phrygia
498 3661 645 3725 campos:
667 3663 747 3706 nunc
764 3641 839 3706 belli
854 3642 922 3706 finis
937 3652 968 3704 et
981 3643 1042 3704 aevi

257 3743 321 3806 His
335 3741 460 3807 dabitur
474 3745 577 3808 terris.
621 3741 750 3808 Vesano
765 3744 841 3808 talia
856 3742 919 3806 latd

256 3843 355 3910 Dicta
368 3844 474 3910 volant
488 3845 610 3932 Ligeri:
633 3845 689 3911 sed
704 3868 765 3911 non
780 3860 811 3910 et
825 3846 939 3912 Troius
954 3845 1046 3912 heros

254 3948 354 4014 Dicta
367 3961 459 4033 parat
473 3947 601 4028 contrd3
618 3948 758 4035 jaculum
773 3945 845 4013 nam
859 3959 982 4031 torquet
996 3947 1028 4012 in
1043 3946 1172 4012 hostem
1227 3953 1289 4014 585

254 4049 412 4135 Lucagus,
426 4063 459 4114 ut
473 4071 588 4135 pronus
602 4049 742 4135 pendens
757 4051 789 4114 in
803 4047 937 4114 verbera
952 4047 1015 4122 telo

256 4149 427 4216 Admonuit
440 4152 572 4240 bijugos,
585 4154 727 4240 projecto
740 4149 814 4218 dum
828 4149 910 4239 pede
926 4151 1005 4219 laevo

568 4259 609 4320 42
