2914 5130
172 522 230 579 m
625 491 821 587 AENEtbds.
846 469 850 476 ι

216 673 367 742 Consiliis
381 697 459 763 pare
474 697 545 762 quaa
560 701 640 744 nunc
656 679 869 766 pulcherrima
884 679 1001 748 Nautes

216 776 283 843 Dat
297 781 421 845 senior:
444 779 541 845 lectos
552 783 695 869 juvenes,
710 784 878 847 fortissima
892 783 1000 864 corda,

216 881 317 949 Defer
332 887 364 948 in
381 883 522 964 ltaliam3
544 907 620 972 gens
635 885 715 952 dura
731 899 826 973 atque
841 907 955 973 aspona
969 885 1056 952 cultu
1197 893 1258 953 tto

217 985 421 1052 Debellanda
436 987 492 1052 tibi
507 987 601 1052 Latio
616 1003 673 1054 est.
718 989 800 1054 Ditis
815 1003 918 1054 tamen
934 989 1006 1054 antei

219 1089 361 1156 lnlernas
376 1089 495 1156 accede
510 1089 640 1172 domos3
663 1106 693 1156 et
708 1095 837 1158 Averna
850 1115 910 1178 per
924 1091 988 1158 alta

218 1191 412 1280 Congressus
427 1205 509 1280 pete,
523 1206 606 1274 nate,
621 1215 718 1260 meos.
763 1195 834 1259 Non
849 1217 900 1258 me
915 1196 1010 1281 impie
1025 1215 1161 1282 namque

218 1295 354 1361 Tartara
370 1297 497 1376 habeut,
511 1300 615 1362 tristes
629 1299 767 1378 umbrae,
788 1296 845 1362 sed
861 1317 985 1363 amoena
999 1302 1123 1384 piorum

220 1400 366 1466 Concilia
382 1400 588 1488 Elysiumque
602 1401 684 1466 colo.
726 1401 802 1466 Huc
817 1415 905 1467 casta
921 1401 1047 1492 Sibylla
1196 1405 1258 1482 735

218 1503 389 1592 Nigrorum
403 1504 499 1569 multo
513 1503 668 1591 pecudum
685 1514 713 1567 te
728 1507 878 1590 sanguine
893 1502 998 1568 ducet.

219 1607 302 1672 Tum
315 1631 413 1696 genus
427 1630 519 1672 omne
535 1621 630 1687 tuum,
645 1620 676 1672 et
691 1629 761 1692 quae
776 1608 889 1672 dentur
904 1611 1030 1688 moenia,
1044 1607 1160 1674 disces.

218 1711 354 1797 Jamque
369 1710 459 1775 vale:
483 1723 607 1796 torquet
622 1711 742 1776 medios
758 1735 820 1776 nox
836 1711 965 1778 humida
980 1733 1108 1792 cursus;

219 1813 261 1880 Et
275 1837 325 1880 me
340 1835 441 1879 saevus
456 1817 545 1899 equis
559 1815 674 1880 Oriens
689 1813 806 1880 afflavit
820 1813 953 1880 anhelis.

219 1915 366 1996 Dixerat,
382 1929 412 1982 et
426 1930 534 1981 tenues
549 1917 636 2003 sugit,
651 1921 710 1982 ceu
724 1918 835 1998 sumus,
849 1920 881 1982 in
898 1937 1000 1984 auras
1196 1917 1257 1978 rto

220 2019 345 2100 AEneas,
359 2020 431 2104 Quo
445 2010 560 2086 deinde
575 2023 662 2086 ruisi
684 2021 747 2106 qud
760 2022 918 2106 proripiet
939 2020 1058 2106 inquit;

220 2125 321 2207 Quem
336 2123 438 2210 iugis?
459 2136 512 2188 aut
524 2127 593 2209 quis
608 2136 639 2187 te
654 2125 768 2188 nostris
782 2122 999 2210 complexibus
1014 2125 1122 2188 arcetl

219 2229 303 2294 Haec
318 2248 504 2307 memorans,
518 2227 656 2292 cinerem
671 2240 703 2292 et
716 2229 833 2313 sopitos
848 2229 977 2291 suscitet
991 2229 1098 2312 ignes3

222 2331 489 2418 Pergameumque
504 2329 630 2410 Larem,
645 2343 676 2394 et
690 2351 778 2394 canae
793 2327 967 2415 penetralia
983 2329 1102 2407 Vester,

221 2435 320 2500 Ferre
335 2437 388 2519 pio
403 2447 433 2497 et
449 2431 542 2519 plena
556 2432 689 2518 supplex
704 2445 872 2497 veneratur
887 2429 1008 2496 acerra·
1114 2469 1117 2476 -
1196 2435 1255 2494 745

264 2533 430 2620 Extemplo
445 2537 548 2599 socios
563 2531 760 2620 primumque
775 2538 906 2599 arcessit
921 2536 1079 2613 Acestem

221 2639 261 2704 Et
275 2640 364 2703 Jovis
379 2639 553 2723 imperium,
568 2649 599 2701 et
613 2640 681 2700 cari
697 2651 856 2722 praecepta
870 2637 1019 2722 parentis,

222 2741 353 2820 Edocet,
367 2751 399 2804 et
414 2761 483 2824 qum
498 2759 580 2804 nunc
596 2741 700 2804 animo
714 2737 867 2804 sententia
881 2751 1013 2804 constet.

222 2841 320 2910 Haud
335 2863 423 2906 mora
437 2840 586 2920 consiliis,
601 2861 659 2906 neo
670 2842 758 2928 jussa
773 2854 899 2906 recusat
912 2844 1053 2906 Acestes.

221 2946 450 3012 Transcribunt
463 2945 534 3009 urbi
549 2957 674 3024 matres,
689 2943 900 3030 populumque
914 2944 1071 3010 volentem
1173 3010 1179 3020 ,
1196 2949 1257 3008 750

220 3050 399 3134 Deponunt,
414 3049 533 3111 animos
547 3046 590 3112 nil
598 3065 724 3132 magnos
740 3045 842 3111 laudis
856 3059 994 3133 egentes.

220 3155 284 3240 lpsi
299 3163 434 3217 transtra
448 3162 574 3231 novant,
588 3151 783 3236 flammisque
798 3151 927 3215 ambesa
941 3163 1095 3237 reponunt

222 3255 354 3323 Robora
368 3255 510 3342 nauigiis,
525 3267 633 3340 aptant
647 3275 812 3340 remosque
825 3253 1056 3340 rudentesque3
1076 3293 1079 3299 ·
1101 3291 1106 3303 ·
1211 3304 1215 3314 .

218 3365 338 3454 ¹Exigui
354 3381 492 3440 numero,
506 3357 562 3424 sed
577 3357 663 3424 bello
676 3357 785 3423 vivida
799 3361 908 3422 virtus.

222 3469 346 3532 Interea
362 3463 477 3533 AEneas
491 3462 603 3526 urbem
617 3462 757 3549 designat
771 3474 896 3541 aretr03
1195 3465 1259 3524 755

222 3573 417 3652 Sortiturque
431 3565 560 3645 domos3
582 3564 642 3630 boe
658 3565 756 3646 llium,
771 3579 802 3630 et
818 3566 886 3630 baec
906 3563 977 3630 loca
991 3565 1132 3652 Trojano,

222 3671 301 3737 Esse
311 3671 413 3758 jubet.
456 3666 581 3733 Gaudet
595 3689 691 3756 regno
706 3669 862 3754 Trojanus
877 3671 1028 3748 Acestes,-
1055 3683 1058 3690 ’

222 3773 400 3859 Indicitque
415 3773 531 3853 sorum,
540 3784 573 3837 et
586 3773 728 3858 patribus
743 3770 799 3836 dat
808 3773 882 3858 jura
896 3776 1029 3838 vocatis.
1056 3837 1059 3844 ,

222 3877 305 3942 Tum
319 3880 424 3941 vicina
439 3879 530 3941 astris
546 3875 688 3962 Erycino
702 3877 734 3938 in
749 3878 869 3940 vertice
883 3874 975 3940 sedes
1044 3891 1047 3898 ’

223 3977 385 4045 Fundetur
400 3977 521 4042 Veneri
537 3977 645 4042 Idaliae
660 4003 670 4058 ;
691 3974 869 4062 tumuloque
884 3977 1033 4042 sacerdos
1196 3981 1260 4041 760

223 4085 271 4156 Ac
286 4080 374 4146 lucus
390 4080 453 4145 late
466 4099 558 4146 sacer
571 4080 699 4146 additur
713 4079 881 4146 Anchiseo.

265 4181 484 4272 Jamqueutes
498 4182 624 4270 epulata
638 4205 751 4252 novem
765 4205 840 4272 gens
854 4187 965 4266 omnis,
979 4198 1011 4250 et
1026 4187 1091 4250 aris
