2914 5130
626 547 742 608 LIBER
761 549 810 608 VI.

218 704 339 784 Silvius,
354 703 512 768 Albanum
527 721 649 781 nomen,
663 713 716 766 tua
730 696 873 792 pontum
887 704 1010 789 proles3
1089 699 1092 706 ’

217 809 314 891 Quem
330 806 387 875 tibi
402 805 543 892 longaevo
558 823 659 868 senum
674 803 808 870 Lavinia
822 807 938 893 conjux

217 909 336 974 Educet
350 909 435 974 silvis
450 929 565 994 regem,
579 927 748 992 regumque
762 925 943 993 parentem
1192 912 1252 972 765

218 1011 307 1078 Unde
322 1033 418 1100 genus
433 1009 524 1097 longi
538 1023 675 1074 nostrum
689 1009 900 1075 dominabitur
915 1011 1009 1077 ntbt.

217 1113 378 1181 Proximus
393 1113 444 1180 itte
461 1115 588 1194 Procas,
602 1113 750 1199 Trojanae
764 1112 864 1200 gloria
878 1117 998 1200 gentis;

215 1219 254 1284 Et
267 1219 400 1307 Capys;
415 1233 445 1284 et
460 1219 620 1298 Numitor;
643 1230 683 1298 et,
698 1219 751 1304 qui
766 1231 797 1282 te
812 1220 932 1284 nomine
947 1219 1068 1302 reddet,

216 1322 326 1386 Silvius
343 1321 467 1400 AEneaS,
481 1320 598 1407 pariter
611 1323 729 1406 pietate
743 1319 793 1384 vei
809 1324 904 1384 armis

215 1421 376 1512 Egregius,
390 1427 416 1487 si
431 1443 567 1508 unquam
580 1421 772 1508 regnandam
787 1424 946 1508 acceperit
960 1423 1086 1489 Albam.
1192 1429 1253 1488 770

214 1527 272 1610 Qui
282 1529 415 1614 juvenes
430 1538 562 1611 quantas
575 1537 739 1605 ostentant,
754 1523 892 1610 adspice,
906 1527 1008 1590 vires!
1265 1523 1267 1528 ’

214 1633 254 1696 At
268 1632 322 1716 qui
336 1631 479 1696 umbrata
494 1644 604 1718 gerunt
618 1627 704 1694 civili
720 1643 860 1716 tempora
875 1651 1003 1715 quercu,

213 1733 259 1798 Hi
273 1735 331 1798 tibi
346 1734 543 1814 Nomentum,
557 1747 588 1798 et
602 1733 733 1814 Gabios,
746 1735 920 1819 urbemque
936 1733 1087 1800 Fidenam
1099 1761 1109 1814 ς
1210 1752 1219 1774 ²

116 1843 123 1858 ”
213 1837 259 1902 Hi
274 1835 448 1903 Collatinas
463 1841 621 1923 imponent
635 1835 790 1901 montibus
804 1857 904 1917 arces,

213 1937 379 2020 Pometios,
392 1930 590 2023 castrumque
605 1938 682 2018 Inui,
698 1936 881 2023 Bolamque,
896 1939 1092 2025 Coramque:
1190 1943 1251 2003 775

212 2041 293 2107 Haec
309 2057 374 2108 tum
388 2043 512 2107 nomina
526 2053 625 2122 erunt,
640 2063 722 2106 nunc
737 2055 807 2106 sunt
821 2046 886 2108 sine
902 2048 1027 2110 nomine
1042 2042 1144 2112 te'rroe.

203 2146 292 2228 ‘Quin
308 2159 340 2210 et
355 2167 415 2210 avo
428 2147 574 2210 comitem
589 2165 657 2209 sese
673 2143 846 2210 Mavortius
861 2144 959 2212 addet

212 2245 372 2328 Romulus,
387 2251 534 2312 Assaraci
549 2267 647 2333 quem,
656 2248 813 2334 sanguinis
829 2245 886 2312 Ilia
900 2263 1001 2318 mater

211 2351 344 2417 Educet.
389 2351 506 2418 Viden’
521 2365 553 2416 ut
567 2353 696 2439 geminae
711 2364 793 2416 stant
806 2357 925 2446 vertice
938 2356 1050 2437 cristae,

210 2448 252 2520 Et
264 2469 356 2541 pater
371 2455 437 2541 ipse
452 2477 508 2519 suo
523 2455 668 2540 supersim
680 2455 746 2540 jam
761 2458 862 2542 signat
876 2455 1014 2524 honore?
1187 2465 1247 2523 700
1339 2519 1340 2525 ,

211 2557 259 2623 En
274 2559 375 2646 hujus,
390 2571 472 2638 nate,
486 2551 632 2643 auspiciis
646 2556 701 2621 illa
716 2557 836 2644 inclyta
852 2557 954 2624 Roma

211 2661 378 2746 Imperium
392 2663 493 2740 terris,
508 2663 627 2724 animos
641 2659 779 2744 mquabit
793 2659 941 2746 Olympo,

211 2764 399 2850 Septemque
413 2783 474 2826 una
489 2762 549 2826 sibi
564 2783 652 2826 muro
666 2761 872 2828 circumdabit
891 2785 991 2845 arces,

210 2867 301 2932 Felix
318 2865 407 2954 prole
421 2865 544 2930 virium:
568 2863 668 2948 qualis
685 2865 878 2952 Berecyntia
892 2879 993 2932 mater

209 2969 370 3036 Invehitur
384 2989 479 3033 curru
494 2967 648 3054 Phrygias
662 2968 771 3032 turrita
785 2989 843 3054 per
857 2969 961 3050 urbes,
1183 2979 1245 3037 706

210 3075 298 3140 Laeta
313 3073 405 3139 defim
420 3085 522 3159 partu,
536 3085 659 3138 centum
673 3071 839 3158 complexa
853 3089 991 3160 nepotes,

210 3179 326 3246 Omnes
341 3177 512 3257 coelicolas,
525 3198 631 3243 omnes
646 3198 760 3262 supera
775 3176 839 3242 alta
854 3191 1004 3245 tenentes.

210 3285 283 3349 Huc
299 3285 440 3371 gemmas
455 3301 537 3346 nunc
552 3281 643 3346 flecte
658 3283 764 3346 acies:
786 3279 869 3347 hanc
884 3281 1011 3369 adspice
1027 3297 1160 3370 gentem,

210 3387 431 3471 Romanosque
446 3398 526 3450 tuos.
570 3385 636 3450 Hic
653 3383 772 3466 Caesar,
787 3397 819 3450 et
833 3389 931 3451 onmis
948 3385 1006 3451 Idli
1042 3431 1047 3438 -

209 3493 388 3579 Progenies,
402 3511 546 3576 magnum
560 3488 632 3554 coeIi
647 3503 775 3554 ventura
790 3491 849 3554 sub
864 3511 967 3555 axem.
1184 3497 1246 3554 700

211 3593 274 3659 Hic
289 3595 347 3674 vir,
362 3592 415 3660 bic
431 3605 487 3671 est,
500 3591 559 3656 tibi
574 3613 665 3676 quem
680 3592 817 3678 promitti
831 3589 944 3678 soepiits
960 3592 1059 3674 audis,

210 3699 366 3786 Augustus
380 3693 502 3775 Ceesar,
514 3693 580 3760 divi
595 3716 709 3782 gentis;
730 3715 827 3760 aurea
841 3693 956 3760 condet

211 3800 331 3866 Secula
347 3801 401 3886 qui
415 3819 521 3862 rursus
535 3797 637 3879 Latio,
654 3810 783 3885 regnata
798 3819 948 3883 perarua

211 3905 342 3970 Saturno
357 3902 535 3988 quondam;
556 3925 649 3990 super
663 3917 694 3968 et
707 3905 914 3969 Garamantas
929 3916 960 3968 et
975 3903 1070 3969 Indos

210 4007 351 4080 Proseret
365 4008 546 4094 imperium:
565 4008 652 4095 jacet
666 4019 757 4072 extra
771 4005 875 4072 sidera
891 4005 990 4087 tellus,
1185 4017 1244 4076 795

130 4093 139 4108 ⁰
210 4111 308 4178 Extra
323 4115 397 4178 anni
412 4109 547 4196 solisque
562 4114 640 4192 vias,
654 4111 708 4176 ubi
722 4109 843 4176 coelites
859 4110 948 4176 Atlas

209 4215 309 4283 Auem
323 4211 455 4282 humero
469 4227 592 4301 torquet
606 4211 703 4281 stellis
717 4211 901 4281 ardentibus
914 4228 1030 4301 aptum.
