2992 5102
639 457 797 520 ECLOGA
818 461 865 519 111.

667 643 840 687 neuturus.

261 726 315 790 An
330 723 410 801 mihi,
426 725 696 803 cunimundum,
713 749 772 791 nou
788 727 934 794 redderet
949 728 1010 807 ille,

263 829 368 906 Quem
382 849 452 892 meu
467 830 650 894 carminibus
666 833 825 896 meruisset
840 832 950 910 fistulo,
967 835 1117 919 caprum?

264 933 299 996 Si
314 933 422 1009 nescis,
433 943 524 996 'meus
539 932 590 995 ille
606 953 700 1018 caper
715 932 791 1013 suit;
814 949 845 996 et
859 936 931 998 mihi
948 935 1071 1000 Damon

259 1036 331 1122 lpse
345 1034 505 1116 fatebatur,
521 1037 577 1100 sed
593 1037 725 1100 reddere
740 1059 831 1122 posse
846 1039 988 1124 negabat.

214 1152 222 1170 ¹
649 1159 837 1204 uuusucss.

257 1239 419 1306 Cantando
434 1257 467 1307 tu
483 1244 576 1308 illum.
595 1289 603 1305 .
623 1290 632 1307 .
648 1243 662 1307 ἒ
686 1259 739 1308 eut
753 1265 886 1328 uuquam
901 1245 953 1308 tibi
969 1245 1069 1312 fistule
1083 1246 1157 1312 cers
1236 1252 1277 1310 25

254 1343 367 1412 Juncts
381 1347 464 1412 suit?
486 1371 545 1413 non
560 1364 591 1412 tu
608 1351 639 1412 in
655 1349 759 1425 triviis,
775 1349 906 1428 indocto,
921 1350 1041 1415 solebas

257 1453 403 1518 Strideuti
420 1455 562 1520 miserum
578 1451 690 1540 stipulis
705 1453 882 1538 disperdere
898 1455 1046 1520 carmen?

518 1629 521 1634 ,
650 1577 827 1620 ussurus.

255 1657 314 1722 Vis
329 1680 410 1742 ergo,
426 1661 504 1723 inter
520 1680 586 1736 nos,
604 1661 675 1744 quid
691 1661 785 1745 possit
796 1673 935 1744 uterque,
950 1662 1081 1726 vicissim

253 1763 482 1850 Experiamur?
506 1786 564 1848 ego
579 1765 659 1829 hanc
674 1765 794 1828 vitulam
813 1763 867 1850 (ne
883 1764 959 1830 forte
975 1788 1109 1846 recuses,

250 1865 312 1931 Bis
326 1871 405 1932 veuit
421 1870 462 1933 sd
474 1869 644 1946 mulctram,
660 1870 746 1933 binos
762 1868 814 1933 ulit
830 1869 922 1934 ubere
936 1869 1030 1958 setus)
1233 1874 1275 1932 30

249 1972 408 2058 Depono:
430 1987 463 2036 tu
479 1973 540 2049 dic,
555 1995 678 2038 mecum
695 1993 755 2058 quo
770 1975 896 2059 pignore
911 1989 1021 2040 certes.

649 2097 838 2141 usurucss.

246 2177 303 2244 De
317 2202 412 2265 grege
428 2203 490 2245 uun
506 2183 599 2246 susim
616 2183 780 2268 quidquam
796 2181 951 2267 deponere
966 2194 1091 2244 tecum:

246 2285 310 2350 Est
328 2285 403 2348 mihi
421 2307 553 2370 nmnque
565 2286 645 2348 domi
660 2301 755 2371 pater,
772 2299 820 2348 est
833 2284 943 2371 injuste
958 2304 1109 2362 noverct13

242 2388 375 2474 Bisque
391 2390 442 2452 die
456 2403 611 2454 numerant
626 2391 715 2454 umbo
730 2412 836 2476 pecus,
849 2389 923 2453 alter
940 2403 971 2453 et
982 2391 1094 2454 hedos.

243 2493 382 2573 verum,
398 2495 428 2558 id
442 2495 521 2579 quod
537 2493 630 2559 muitd
646 2510 710 2559 tute
720 2495 785 2580 ipse
801 2492 937 2559 fatebere
953 2494 1061 2582 majus,
1232 2497 1272 2554 Sir

243 2599 387 2664 lusanire
404 2601 477 2664 libet
493 2601 634 2684 quoniam
649 2601 715 2677 tibi,
729 2601 840 2686 pocula
855 2621 966 2687 ponem

244 2703 382 2788 Pagina,
397 2703 535 2768 celatum
551 2702 642 2767 divini
658 2724 735 2789 opus
750 2703 990 2782 Alcimedontis3
1202 2776 1207 2786 ι

213 2836 224 2855 ·
242 2807 353 2872 Lenta
368 2809 477 2892 quibus
492 2821 578 2886 torno
594 2806 675 2871 facili
692 2807 886 2892 superaddita
900 2808 967 2870 vitis
1036 2804 1082 2849 ’μ’
1099 2801 1128 2823 “”

243 2911 391 2976 Diffusos
405 2911 522 2976 hoderit
536 2911 625 2974 vestit
641 2910 772 2996 pollente
788 2909 960 2994 corymbos

243 3018 279 3082 ln
296 3018 406 3082 medio
421 3017 482 3080 duo
498 3017 604 3099 signa:
627 3013 748 3094 Conon,
765 3031 796 3080 et
812 3064 821 3080 .
840 3064 848 3079 .
867 3065 874 3080 .
893 3019 958 3104 quis
973 3014 1029 3081 t'uit
1043 3018 1142 3110 ulter,

244 3123 424 3206 Descripsit
438 3122 523 3184 rudio
537 3135 634 3183 totum
651 3121 702 3204 qui
717 3120 856 3204 gentibus
870 3123 997 3199 orbem3

242 3223 410 3312 Tempore
425 3245 490 3308 quae
507 3243 632 3299 messor,
648 3243 714 3307 quae
730 3243 841 3289 curvus
855 3239 954 3289 arator
968 3222 1119 3288 haberet?

245 3329 398 3395 Necdum
413 3327 470 3390 illis
485 3325 567 3390 lobrs
583 3326 715 3404 admovi,
732 3327 787 3391 sed
802 3329 922 3392 condita
938 3347 1036 3392 servo.

656 3449 827 3496 nrumrss.

243 3535 287 3600 Et
302 3533 396 3599 nobie
411 3532 494 3597 idem
511 3531 692 3596 Alcimedon
708 3533 770 3596 duo
786 3531 894 3618 poculo
911 3530 993 3606 fecit,

242 3637 286 3702 Et
301 3635 390 3701 molli
406 3637 523 3698 circum
539 3648 586 3698 est
600 3655 689 3699 ansus
704 3635 863 3720 amplexus
879 3632 1031 3712 aceuth03
1227 3637 1268 3693 45

243 3743 439 3827 Orpheaque
450 3741 481 3803 in
496 3739 598 3802 medio
607 3741 716 3824 posuit,
733 3741 883 3825 silvasque
899 3749 1074 3823 sequentes:

243 3845 392 3910 Necdum
410 3843 470 3906 illis
484 3843 565 3906 laura
582 3843 712 3923 admovi,
729 3845 784 3907 sed
800 3845 923 3910 condita
938 3863 1035 3930 servo.

242 3949 276 4013 Si
293 3951 333 4014 ad
349 3947 480 4012 vitulum
491 3929 624 4031 spectus,
635 3946 709 4010 nihil
724 3961 771 4010 est
786 3950 867 4032 quod
883 3946 993 4031 pocula
1007 3944 1124 4012 leudes.

639 4067 825 4110 usurucss.

240 4151 415 4237 Nunquam
430 4148 523 4213 hodie
538 4148 686 4234 eflugies:
709 4153 828 4216 renium
845 4171 1036 4236 quocumque
1052 4147 1181 4214 vocaris:

585 4255 607 4315 2
