2956 5132
621 516 630 550 ι
672 497 788 561 LIBER
809 501 857 560 lv.

272 626 359 738 sapi
375 652 469 716 etiam
486 650 571 716 duris
585 651 717 716 errando
732 652 761 716 in
776 651 897 716 cotibus
913 649 976 716 slas

269 757 433 834 Attrivtire,
450 757 591 842 ultroque
606 758 738 822 animam
755 758 810 822 sub
827 757 912 822 fasce
929 753 1069 834 dedere:

270 863 387 928 Tantus
402 883 489 928 anaor
504 862 628 940 florum,
645 877 677 925 et
690 864 856 946 generandi
873 863 967 947 gloria
984 861 1104 926 mellis!
1241 863 1304 924 205

316 969 398 1055 Ergo
413 971 494 1055 ipsas
511 969 650 1054 quamvis
665 969 783 1052 angusti
800 968 945 1032 terminus
961 967 1016 1032 evi

272 1075 425 1162 Excipiat,
441 1097 542 1160 neque
559 1076 642 1140 enim
656 1075 724 1159 plus
739 1077 868 1174 soptirna
885 1075 1004 1140 ducitur
1017 1089 1115 1154 astas,
1136 1149 1140 1158 .

267 1184 312 1246 At
326 1203 423 1264 genus
434 1182 603 1246 immortale
620 1195 735 1259 manet,
750 1179 921 1264 multosque
938 1200 992 1265 per
1008 1201 1103 1246 annos

269 1284 337 1350 Stst
352 1285 475 1351 fortuna
490 1284 608 1362 domis,
624 1299 657 1349 et
671 1286 719 1348 sri
734 1299 931 1350 numerantur
947 1305 1081 1352 avorum.

265 1391 427 1458 Praeterea
442 1412 545 1476 regern
560 1411 623 1457 non
638 1390 683 1456 sic
698 1387 862 1474 AEgyprus
878 1408 910 1454 et
923 1392 1032 1476 ingens
1236 1392 1302 1454 210

266 1495 382 1581 Lydia,
396 1518 456 1560 nec
472 1495 576 1582 populi
592 1495 787 1580 Parthorum,
804 1509 858 1560 sut
872 1495 988 1560 Medus
1002 1495 1179 1582 Hydaspes,

267 1601 452 1666 Obsemnt.
499 1602 590 1687 Rege
606 1600 762 1682 incolumi,
775 1623 862 1666 mens
876 1602 1016 1666 omnibus
1032 1623 1091 1666 una
1107 1615 1171 1666 est:

268 1709 404 1784 Amisso,
419 1706 531 1792 rupere
546 1706 641 1772 fidem
655 1729 664 1782 3
687 1719 922 1790 constructaque
938 1707 1029 1772 mella

269 1810 434 1896 Diripuere
449 1813 534 1897 ipsas,
551 1827 583 1876 et
598 1825 697 1892 crates
711 1809 831 1877 solvite
847 1809 995 1876 favorum.

267 1917 328 1982 llis
342 1938 469 2002 operum
484 1931 612 1998 custos3
634 1917 718 1980 illum
731 1918 916 2001 admirantur
930 1941 940 1999 3
964 1932 994 1984 et
1009 1939 1117 1982 omnes
1233 1921 1300 1982 215

268 2021 478 2088 Circumstant
493 2021 613 2086 fremitu
630 2022 737 2100 denso,
753 2024 924 2108 stipantque
941 2021 1139 2108 frequentes3

268 2127 314 2192 Et
328 2128 410 2214 sarpis
427 2128 563 2192 attollunt
577 2129 724 2208 humeris,
739 2144 771 2193 et
785 2151 916 2214 corpora
931 2128 1012 2194 bello

269 2233 448 2323 Objectant,
463 2234 685 2321 pulchramque
700 2251 807 2322 petunt
822 2257 879 2320 per
893 2235 1020 2300 vulnera
1036 2248 1176 2300 mortem.

312 2341 374 2405 llis
389 2340 513 2426 quidam
528 2344 630 2427 signis,
647 2357 737 2428 atqua
753 2344 819 2408 hec
835 2341 980 2426 exempla
994 2342 1103 2422 secuti,

263 2446 350 2514 Esse
364 2448 469 2533 apibus
483 2462 602 2533 portem
618 2450 725 2516 divine
742 2452 862 2528 menos,
879 2463 910 2514 et
926 2450 1052 2514 haustus
1235 2451 1299 2512 220
1422 2497 1427 2510 .

265 2553 435 2632 AErherios,
451 2554 580 2620 diacre:
603 2556 696 2620 deum
712 2577 844 2642 namque
861 2558 904 2620 ire
921 2577 976 2641 per
992 2576 1100 2620 omaes

265 2661 456 2744 nouasque,
472 2674 647 2746 tractusque
663 2663 766 2740 moris,
782 2663 956 2748 coelumque
973 2660 1178 2747 profundum:

267 2763 353 2830 Hinc
369 2766 515 2850 pecuda,
532 2778 680 2842 armenta,
695 2767 788 2846 viros,
803 2788 899 2851 genus
914 2789 1004 2832 omne
1021 2767 1179 2859 serarum,-

265 2869 435 2955 Quemque
451 2871 507 2935 sibi
522 2885 631 2934 tenues
645 2885 824 2936 nascentem
842 2893 999 2938 arcessere
1015 2873 1113 2938 vitaer

266 2973 397 3040 Scilicet
411 2975 472 3039 huc
486 2975 575 3040 reddi
592 2974 703 3040 deinde
721 2998 757 3040 ao
774 2977 906 3040 resoluta
922 2975 1028 3044 referri
1233 2977 1298 3037 225

267 3077 403 3144 Omnia:
427 3099 484 3144 nec
501 3080 590 3144 morti
607 3100 675 3144 esse
690 3077 818 3160 locum;
841 3082 896 3144 sed
912 3081 979 3144 viva
994 3080 1097 3144 volare

268 3184 387 3250 Sideris
402 3186 433 3248 in
449 3205 621 3262 numerum,
637 3199 728 3270 stquo
745 3185 805 3250 alto
822 3186 990 3250 succedere
1006 3185 1097 3250 ooelo.

312 3289 346 3353 Si
363 3291 486 3374 quondo
501 3290 608 3354 sedens
625 3305 783 3382 augustam
799 3263 978 3376 servataq’ue
996 3289 1087 3352 mella

263 3393 437 3460 Thesauris
451 3396 583 3475 relines3
605 3395 688 3480 prius
704 3397 811 3462 haustu
827 3417 949 3482 sparsus
964 3399 1129 3479 aquarum

261 3499 330 3564 Ore
348 3500 429 3579 lore,
445 3502 604 3590 fumosque
621 3524 712 3568 manu
728 3504 882 3589 pretende
898 3521 1059 3588 sequacos.
1230 3501 1297 3565 230

264 3605 322 3672 Bis
336 3609 478 3691 gravidos
494 3624 606 3694 cogunt
622 3608 722 3689 lctus,
738 3611 800 3675 duo
814 3624 953 3695 tempora
969 3606 1097 3672 messis:

265 3709 409 3796 Taygete
424 3713 515 3776 simul
529 3736 564 3780 os
579 3718 666 3781 terris
680 3717 812 3780 ostendit
827 3715 988 3778 honesturn

263 3815 362 3894 Plias,
377 3835 409 3894 er
425 3815 544 3883 Oceani
561 3834 679 3906 spretos
695 3823 775 3906 pede
792 3821 901 3905 repulit
917 3839 1022 3884 amnes
1036 3841 1046 3900 3

260 3923 329 3987 Aut
344 3925 457 4014 eadem
473 3926 555 3990 sidus
570 3926 689 4012 lugiens
705 3929 756 3992 ubi
772 3925 873 3992 Piscis
888 3927 994 4010 aquosi

259 4025 395 4091 Tristior
411 4027 553 4096 hibernas
568 4033 648 4095 coelo
663 4031 824 4096 descendit
838 4031 869 4094 in
884 4029 992 4093 undas.
1228 4033 1293 4094 235

258 4131 326 4196 Illis
341 4133 387 4196 irs
402 4135 528 4199 modurn
545 4157 635 4222 supra
651 4149 708 4216 est,
720 4137 858 4222 lasaque
874 4155 1025 4198 venenum

259 4233 422 4302 Uorsibus
437 4237 593 4320 inspirant,
608 4253 639 4304 et
654 4241 771 4328 spicula
786 4261 868 4308 ceca
884 4240 1053 4324 relinquunt

620 4347 659 4405 12
