2956 5132
21 689 23 764 t

664 509 779 573 amna
798 511 834 570 ll.

246 664 394 746 Apparet
408 657 518 724 domus
534 658 626 738 intus,
641 673 671 722 et
687 661 766 726 atria
780 660 872 746 longa
886 671 1069 745 patescunt;

249 768 413 850 Appareot
430 761 547 828 Priami
561 775 593 828 et
608 773 747 826 veterum
761 761 935 848 penetralia
949 783 1074 848 regum3

248 867 457 950 Armatosque
471 863 582 930 vident
595 875 711 931 stantes
726 865 756 928 in
771 863 874 930 limine
888 868 1002 950 primo.
1090 911 1093 918 .
1225 869 1287 928 405

292 969 333 1030 At
347 965 459 1031 domus
474 965 603 1030 interior
616 965 730 1051 gemitu
746 955 918 1050 miseroque
933 965 1066 1032 tumultu

252 1070 418 1149 Miscetur3
441 1065 627 1156 peritiaeque
641 1090 726 1134 cave
740 1068 940 1156 plangoribus
956 1069 1038 1136 edes

251 1173 420 1238 Foemineis
435 1171 571 1236 ululant:
594 1173 668 1238 ferit
682 1194 779 1238 aurea
794 1171 900 1238 sidera
914 1172 1044 1240 clamor.

250 1277 329 1342 Tum
344 1275 471 1362 pavide
486 1279 576 1340 tactis
592 1291 707 1340 matres
722 1275 899 1361 ingentibus
915 1289 1030 1354 errant,

247 1379 476 1472 Amplexaeque
492 1393 597 1449 tenent
611 1398 726 1469 postes,
741 1397 836 1468 atque
850 1380 959 1448 oscula
973 1382 1079 1468 figunt·
1222 1387 1286 1446 490

249 1489 343 1553 lnstat
358 1492 392 1553 vi
407 1489 512 1574 patria
528 1486 688 1572 Pyrrhus3
711 1508 770 1550 nec
785 1485 923 1550 claustra
938 1505 1039 1568 neque
1054 1485 1115 1568 ipsi

250 1589 404 1654 Custodes
419 1588 550 1654 sufferre
566 1587 682 1652 valent.
706 1587 810 1652 Labat
824 1591 923 1654 ariete
937 1585 1052 1650 crebro

248 1691 269 1753 J
272 1712 362 1770 anua,
377 1704 408 1755 et
423 1695 518 1756 emoti
533 1689 742 1776 procumbunt
755 1688 885 1754 cardine
900 1699 1017 1773 postes.

193 1849 200 1866 ,
251 1791 303 1856 Pit
316 1796 368 1856 via
384 1796 435 1870 vi;
456 1806 604 1878 rumpunt
617 1791 730 1872 aditus,
744 1794 923 1877 primosque
938 1787 1095 1856 trucidant

246 1895 382 1960 immissi
396 1894 513 1974 Danai,
529 1908 559 1960 et
573 1894 639 1958 late
655 1893 725 1958 loca
741 1894 838 1958 milite
852 1893 1020 1979 complent.
1223 1897 1284 1956 495

247 1995 319 2060 Non
334 2000 391 2076 sic,
406 1997 575 2083 aggeribus
589 1999 688 2082 ruptis
703 2019 798 2081 quum
812 2019 957 2082 spumeus
972 1998 1073 2062 amnis

245 2098 344 2178 Exiit,
359 2103 582 2184 oppositasque
598 2102 693 2164 evicit
706 2102 828 2186 gurgite
843 2095 951 2179 moles,
1031 2141 1034 2146 ,

246 2199 361 2264 Fertur
376 2204 408 2264 in
424 2222 502 2268 arva
515 2202 621 2266 furens
636 2200 769 2281 cumulo,
783 2221 974 2285 camposque
988 2220 1047 2286 per
1060 2219 1168 2264 omnes

245 2301 329 2366 Cum
344 2302 479 2368 stabulis
493 2318 632 2370 armenta
646 2304 753 2370 trahit.
798 2301 876 2368 Vidi
892 2305 960 2388 ipse
976 2302 1129 2368 furentem

241 2403 345 2468 Cede
363 2402 607 2490 Neoptolemum,
622 2406 871 2492 geminosquein
886 2402 993 2468 limine
1007 2402 1154 2468 Atridas:
1221 2410 1283 2468 500

244 2505 329 2572 Vidi
346 2507 524 2588 Hecubam,
538 2523 724 2594 centumque
738 2529 844 2588 nurus,
860 2507 1080 2594 Priamumque
1094 2529 1153 2596 per
1167 2527 1240 2576 aras

245 2612 408 2698 Sanguine
423 2609 602 2693 loedantem,
617 2635 694 2698 quos
708 2617 775 2698 ipse
791 2625 983 2693 sacraverat,
997 2616 1096 2700 ignes.
1187 2627 1198 2648 ·

243 2713 481 2800 Quinquaginta
495 2714 542 2779 illi
558 2715 697 2796 thalami,
712 2739 782 2802 spes
798 2729 884 2782 tanta
899 2730 1054 2804 nepotum,

246 2815 426 2882 Barbarico
440 2831 547 2902 postes
562 2839 640 2884 auro
655 2817 826 2904 spoliisque
842 2821 969 2906 superbi

244 2921 469 2988 Procubudre:
493 2937 600 2988 teuent
613 2923 718 2988 Danai
730 2923 791 3010 qut
806 2923 912 2988 delicit
927 2926 1016 3010 ignis.
1219 2932 1279 2990 505

288 3023 434 3088 Forsitan
448 3038 480 3088 et
495 3025 612 3090 Priami
628 3027 742 3092 luerint
757 3025 902 3110 quarata
917 3031 1072 3112 requiras.

246 3123 346 3190 Urbis
358 3127 404 3190 uti
419 3139 521 3211 captae
535 3148 652 3206 casum,
667 3127 878 3212 convulsaque
893 3127 973 3194 vidit

242 3229 372 3296 Limina
387 3242 549 3309 tectorum,
564 3243 595 3296 et
609 3230 745 3296 medium
760 3235 792 3296 in
806 3231 1019 3318 penetralibus
1034 3230 1165 3314 hostem,

240 3335 343 3396 Arma
358 3332 413 3397 diu
428 3336 533 3398 senior
546 3332 676 3400 desueta
691 3335 892 3400 trementibus
908 3355 973 3399 avo

238 3435 432 3500 Circumdat
446 3437 657 3524 nequidquam
672 3437 819 3518 humeris,
834 3451 865 3502 et
878 3437 986 3504 inutile
1002 3437 1120 3502 ferrum
1216 3442 1278 3500 510

240 3537 400 3624 Cingitur,
415 3559 453 3604 ac
468 3537 582 3604 densos
597 3540 693 3606 fertur
707 3544 872 3606 moriturus
887 3545 919 3605 in
935 3539 1051 3604 hostes.

287 3639 421 3706 AEdibus
436 3645 467 3708 iu
481 3641 604 3722 mediis,
618 3641 763 3728 nudoque
778 3645 838 3708 sub
852 3642 977 3708 aetheris
993 3661 1064 3721 axe,

240 3743 356 3828 lugens
370 3765 428 3808 ara
443 3743 519 3824 luit3
535 3746 688 3831 juxtaque
703 3750 872 3813 veterrima
887 3745 994 3810 laurus

238 3845 430 3912 incumbens
445 3868 520 3927 arae,
534 3862 627 3934 atque
642 3849 752 3914 umbri
766 3848 932 3934 complexa
948 3847 1097 3912 Penates:

234 3949 310 4018 Hic
325 3949 465 4016 Hecuba
480 3964 512 4016 et
525 3963 606 4018 natae
622 3951 833 4038 nequidquam
848 3950 961 4016 altaria
975 3953 1105 4033 cunum,
1213 3960 1273 4018 515

236 4053 424 4136 Precipites
438 4051 507 4118 atra
520 4075 579 4120 ceu
594 4065 776 4140 tempestate
790 4049 951 4132 columbe,

233 4151 428 4235 Condema,
441 4167 475 4220 et
487 4153 595 4222 diutim
610 4155 761 4241 amplexa
776 4151 954 4235 simulacra,
967 4155 1131 4234 sedebant,
