2914 5130
632 504 747 566 LlBER
765 503 815 576 JV.

267 663 413 730 Dixerat.
458 660 514 726 lile
528 663 629 747 patris
643 666 747 748 magni
761 685 873 748 parere
888 649 1023 748 parabat

225 769 379 856 lmperio:
403 777 435 830 et
447 762 582 850 primlun
597 763 729 850 pedibus
744 767 859 830 talaria
873 771 970 832 nectit

223 876 341 951 Aurea,
355 891 425 955 quae
439 867 605 933 sublimem
620 866 689 948 alis,
702 871 769 933 sive
783 891 910 954 equora
925 893 1029 957 supra,
1195 879 1258 936 240
1290 946 1293 968 Ι

226 976 290 1040 Seu
304 986 429 1053 terram,
443 969 556 1056 rapido
569 973 688 1055 pariter
702 993 776 1036 cum
789 973 913 1038 flamine
929 989 1064 1060 portant.

225 1065 307 1141 'lium
321 1080 443 1163 virgam
457 1077 561 1160 capit:
585 1072 645 1136 heic
660 1078 780 1138 mumas
794 1073 848 1137 ille
862 1091 973 1140 evocat
987 1078 1073 1142 Orco

228 1178 393 1257 Pallentes,
408 1175 487 1242 alias
501 1175 559 1239 sub
573 1173 710 1240 Tartara
724 1179 826 1241 tristia
840 1180 952 1258 mittit3

226 1280 290 1346 Dat
302 1300 440 1358 somnos,
455 1277 634 1363 adimitque,
649 1291 680 1340 et
694 1275 811 1342 lumina
825 1291 924 1343 morte
938 1283 1095 1366 resignat:

225 1383 395 1450 lllitt'retus
410 1385 475 1468 agit
488 1393 605 1461 ventos,
621 1394 651 1444 et
666 1379 794 1446 turbida
808 1393 912 1446 tranat
1194 1390 1256 1448 24⁵

226 1485 354 1551 Nubila.
397 1485 532 1568 Jamque
546 1481 655 1550 volans
670 1487 793 1569 apicem
808 1497 838 1548 et
853 1481 953 1550 latera
968 1483 1067 1550 ardua
1081 1489 1181 1551 cernit

226 1589 359 1654 Atlantis
373 1587 453 1666 duri,
466 1584 580 1650 coelum
595 1585 649 1671 qui
663 1587 781 1650 vertice
795 1585 883 1650 fulcit
895 1613 904 1667 3

226 1690 369 1770 Atlantis,
382 1689 518 1754 cinctum
535 1686 659 1753 assidue
673 1689 724 1753 cui
739 1689 873 1754 nubibus
889 1694 966 1754 atris

228 1793 396 1858 Piniferum
410 1805 505 1876 caput
520 1805 551 1855 et
565 1804 657 1855 vento
671 1790 811 1876 pulsatur
826 1805 856 1857 et
871 1793 986 1858 imbri:

224 1895 290 1960 Nix
304 1895 449 1960 humeros
463 1893 566 1958 infusa
580 1893 674 1979 tegit3
697 1905 761 1958 tum
776 1893 900 1958 flumina
915 1907 1017 1959 mento
1200 1892 1262 1959 2'50

226 1999 429 2082 Praecipitant
443 1995 534 2075 senis,
549 2007 580 2059 et
593 1993 693 2081 glacie
707 1995 788 2080 riget
802 1994 931 2060 horrida
945 1997 1057 2060 barba.

226 2101 293 2168 Hic
306 2097 442 2186 primbm
455 2098 586 2184 paribus
600 2100 701 2162 nitens
716 2097 881 2184 Cyllenius
896 2097 954 2164 alis

226 2203 391 2270 Constitit:
414 2200 486 2266 hinc
501 2213 565 2264 toto
579 2220 722 2286 praceps
736 2222 770 2263 se
784 2221 917 2284 corpore
933 2199 974 2264 ad
993 2201 1093 2267 undas

225 2306 333 2385 Misit,
355 2305 406 2368 avi
419 2302 536 2383 similis,
551 2323 620 2387 quae
635 2303 753 2366 circum
767 2301 881 2383 littora,
895 2305 1015 2369 circum

223 2409 371 2474 Piscosos
384 2404 537 2490 scopulos,
552 2403 676 2469 humilis
691 2402 776 2470 volat
789 2425 917 2490 equora
926 2407 1030 2493 juxta.
1064 2425 1067 2433 ’

225 2509 327 2576 Haud
343 2508 432 2574 aliter
446 2521 547 2573 terras
561 2511 643 2574 inter
657 2507 833 2594 coelumque
847 2507 975 2576 volabat

226 2613 330 2678 littus
345 2633 509 2676 arenosum
524 2609 566 2674 ad
580 2609 706 2696 Libya,
720 2623 890 2696 ventosque
912 2615 1051 2697 secabat,

226 2717 373 2782 Materno
387 2717 515 2778 veniens
530 2713 572 2778 ab
587 2735 647 2778 avo
662 2711 810 2799 Cyllenia
824 2715 941 2800 proles.

268 2818 314 2883 Ut
325 2816 460 2906 primirm
474 2816 566 2882 alatis
581 2817 679 2904 tetigit
693 2815 829 2904 magalia
840 2818 967 2904 plantis,

223 2922 348 2990 AEnean
361 2920 543 2987 fimdantem
558 2942 649 2987 arces
664 2943 703 2985 ac
718 2934 802 2988 tecta
815 2936 981 2989 novantem

226 3026 407 3113 Conspicit3
429 3039 523 3111 atque
537 3024 583 3089 illi
598 3024 737 3090 stellatus
753 3025 872 3110 iaspide
882 3025 969 3092 fulvi

226 3131 319 3196 Ensis
333 3143 411 3211 erat,
425 3129 590 3216 Tyrioque
605 3129 738 3198 ardebat
752 3131 870 3197 murice
886 3131 966 3200 laena

224 3233 371 3298 Demissa
387 3255 428 3297 ex
443 3231 596 3312 humeris3
618 3232 706 3299 dives
721 3253 790 3318 quoe
806 3255 936 3300 munera
947 3234 1036 3306 Dido

224 3337 370 3418 Fecerat,
384 3349 417 3402 et
430 3339 514 3401 tenui
529 3335 607 3402 telas
621 3335 815 3402 discreverat
834 3359 922 3404 auro.
1094 3327 1096 3332 ¹

223 3440 380 3506 continuit
395 3438 533 3506 invadit:
556 3439 606 3504 Tu
621 3463 702 3506 nunc
718 3440 919 3528 Carthaginis
934 3441 1005 3506 alte

223 3543 440 3608 Fundamenta
453 3541 550 3623 locas,
564 3542 790 3629 pulchramque
805 3545 932 3609 uxorius
947 3544 1058 3609 urbem

223 3647 376 3712 Exunisl
398 3645 479 3710 heu!
501 3646 590 3733 regni
602 3667 768 3732 rerumque
782 3646 879 3713 oblite
894 3648 1035 3712 tuarum!

223 3751 300 3837 lpse
314 3749 409 3816 deilm
422 3750 480 3816 tibi
495 3772 545 3816 me
559 3749 647 3816 claro
661 3749 792 3816 demittit
806 3749 945 3837 Olympo

222 3853 397 3940 Regnator,
410 3851 524 3919 coelum
538 3866 570 3918 et
585 3867 684 3918 terras
700 3855 753 3940 qni
767 3853 891 3918 numine
907 3864 1050 3938 torquet;

220 3957 298 4044 lpse
313 3955 381 4021 bec
395 3958 479 4022 serre
488 3957 581 4043 jubet
595 3954 715 4020 celeres
730 3952 879 4020 mandata
891 3975 949 4039 per
964 3974 1076 4018 auras:
1178 3997 1181 4002 ,

220 4059 311 4144 Quid
326 4061 439 4126 struis?
461 4072 514 4124 aut
529 4060 662 4146 quispe
677 4059 811 4145 Libycis
826 4059 900 4122 teris
915 4059 979 4124 otia
993 4059 1103 4126 terris?

221 4163 257 4229 Si
272 4177 307 4228 te
321 4163 406 4230 nulla
420 4174 525 4228 movet
540 4175 695 4228 tantarum
709 4160 810 4249 gloria
824 4181 940 4242 rerum,

531 4269 572 4330 23
