2992 5102
628 507 744 570 LIBER
764 511 786 568 1.

219 665 375 748 Remigiis
382 662 519 745 subigitt
543 663 569 724 si
583 662 708 727 brachia
724 662 800 728 sorte
817 664 943 742 remisit,

219 773 327 856 Atque
343 771 425 834 iilum
443 771 472 832 in
490 790 630 856 praeceps
646 792 740 855 prono
757 771 835 854 rapit
850 769 954 833 alveus
969 770 1061 833 amni.

265 876 423 940 Praeterea
438 889 504 938 tam
520 885 594 938 sunt-
605 875 728 946 Arcturi
745 875 846 938 sidera
860 874 958 952 nobis,

217 977 450 1064 Haedorumque
467 980 537 1043 dies
552 979 703 1054 servandi,
720 978 881 1042 etincidus
895 978 1024 1062 Anguis,
1194 980 1260 1042 205

220 1084 326 1159 Quam
344 1086 456 1171 quibus
470 1087 501 1148 in
517 1085 643 1169 patriam
659 1099 787 1148 ventosa
802 1106 858 1170 per
874 1106 995 1170 equora
1010 1085 1106 1150 vectis

223 1185 340 1254 Pontus
358 1203 391 1252 et
406 1189 537 1253 ostriferi
554 1189 658 1254 fauces
673 1203 826 1254 tentantur
841 1191 956 1272 Abydi.

266 1293 364 1358 Libra
381 1294 433 1356 die
450 1294 606 1378 somnique
622 1314 713 1377 pares
728 1295 779 1356 ubi
796 1293 904 1358 fecerit
918 1295 1019 1372 horas,

224 1396 265 1464 Et
281 1401 424 1464 medium
440 1401 501 1464 luci
518 1415 608 1485 atque
624 1397 740 1464 umbris
750 1399 816 1485 jem
833 1399 939 1464 dividit
954 1379 1070 1476 orbern,

224 1503 395 1582 Exercete,
412 1505 478 1582 viri,
494 1517 607 1580 tauros,
623 1505 716 1568 serite
732 1504 848 1568 hordea
864 1505 993 1589 campis,
1196 1509 1263 1568 210

226 1606 334 1694 Usque
351 1609 408 1672 sub
424 1623 599 1673 extremum
615 1610 729 1674 brume
744 1610 940 1674 intractabilis
955 1609 1105 1688 imbrem3

228 1712 374 1777 Necnon
389 1729 419 1778 et
433 1714 486 1777 lini
503 1729 642 1798 segetem
659 1729 690 1777 et
705 1712 838 1777 Cereale
854 1735 989 1800 papaver

226 1815 368 1902 Tempus
382 1819 477 1882 burno
493 1833 610 1902 tegere,
627 1835 658 1882 et
667 1818 853 1905 jamdudum
868 1821 1045 1884 incumbere
1061 1821 1176 1900 tauns,

225 1921 310 1988 Dum
326 1924 412 1989 sicori
426 1927 536 1990 tellure
552 1927 636 2004 iicet,
652 1927 726 1990 dum
741 1927 844 1992 nubila
859 1927 1006 2012 pendent.

217 2064 223 2078 ι
266 2027 353 2096 Vere
371 2031 447 2096 sabis
462 2033 561 2095 satio:
584 2047 649 2096 tum
665 2048 696 2096 te
713 2053 846 2118 quoqne,
864 2033 997 2113 medica,
1012 2047 1117 2118 potres
1197 2037 1262 2096 215

227 2135 394 2222 Accipiunt
410 2138 499 2214 sulci,
515 2151 546 2199 et
561 2137 643 2202 miiio
659 2139 741 2202 venit
757 2159 857 2202 annua
872 2159 958 2213 cura,

226 2239 391 2306 Candidus
407 2241 522 2305 auratis
536 2242 631 2326 aperit
646 2265 739 2328 quom
756 2242 900 2306 cornibus
916 2263 1029 2305 annum

224 2345 366 2425 Taurus,
381 2362 414 2411 et
429 2368 536 2411 averso
547 2348 658 2412 cedens
675 2346 772 2413 Canis
788 2347 902 2411 occidit
917 2327 1007 2412 aetrb.

263 2457 310 2518 At
328 2455 357 2516 si
374 2455 521 2517 triticeam
538 2455 567 2517 in
582 2475 714 2520 messem
730 2455 915 2540 robustaque
931 2453 1012 2518 farra

223 2555 403 2625 Exercebis
418 2560 553 2638 humum,
571 2560 704 2646 solisque
720 2561 846 2624 instabis
862 2561 979 2639 aristis3
1198 2562 1264 2624 220

225 2667 304 2730 Ante
321 2668 378 2731 tibi
394 2665 470 2730 Eue
487 2667 660 2730 Atlantides
676 2667 914 2744 abscondantur,

226 2773 405 2860 Gnosiaque
418 2773 552 2838 ardentis
567 2773 703 2836 decedat
718 2772 805 2836 stella
820 2770 963 2850 Corone,

225 2877 340 2944 Debita
359 2877 449 2964 quiun
466 2879 560 2942 sulcis
572 2879 745 2942 committas
761 2877 888 2956 semina,
905 2876 1057 2964 quemque

225 2981 329 3048 invite
347 2979 580 3069 properesbuni
596 3005 684 3068 spem
701 2983 830 3048 credere
846 2997 945 3051 terre.

223 3085 314 3154 Multi
330 3103 402 3153 ante
413 3110 560 3153 occasum
576 3087 666 3152 Maiae
683 3087 831 3174 eoepdre:
854 3091 909 3154 sed
925 3089 992 3154 illos
1198 3087 1262 3150 225

226 3191 406 3280 Expectata
423 3217 513 3280 seges
528 3196 614 3259 vanis
625 3195 716 3258 elusit
731 3195 840 3260 aristis.

269 3302 305 3366 Si
321 3300 398 3365 verb
415 3303 585 3386 viciamque
601 3321 687 3366 seres
702 3301 855 3385 vilemque
871 3299 1014 3380 faselum,
1085 3359 1088 3368 .

227 3403 298 3470 Nec
314 3406 487 3470 Pelusiaco
503 3427 609 3471 curem
626 3407 830 3491 aspernabere
846 3407 957 3485 lentis3

226 3505 324 3576 Haud
340 3493 475 3575 obscure
488 3511 604 3575 cadens
618 3513 715 3574 mittet
730 3513 783 3576 tibi
799 3513 884 3595 signa
894 3509 1031 3575 Bootes:

226 3615 347 3703 Incipe,
364 3618 450 3680 etad
467 3619 584 3682 medias
599 3633 769 3682 sementem
786 3617 921 3682 extende
937 3617 1071 3702 pruinas.
1195 3615 1263 3677 2³0
1331 3616 1333 3624 ‘

272 3720 397 3787 idcireo
412 3724 503 3787 certis
518 3723 690 3788 dimensum
707 3724 842 3810 partibus
856 3724 963 3786 orbem

227 3823 294 3890 Per
310 3827 454 3892 duodena
469 3829 547 3910 regit
562 3829 667 3893 mundi
682 3830 727 3893 soi
743 3849 855 3893 aureus
871 3841 961 3892 astra.

216 3931 376 4016 Quinque
392 3947 497 3998 tenent
511 3935 625 3999 eoelum
642 3955 747 4014 unne3
770 3955 898 4021 quarum
915 3952 975 3995 una
990 3951 1119 3996 corusco
1170 3959 1173 3966 ·

226 4035 365 4124 Semper
380 4039 445 4102 sole
462 4039 574 4103 rubens
589 4053 620 4102 et
635 4041 748 4104 torrida
764 4058 887 4122 semper
903 4037 941 4100 ab
956 4037 1016 4120 igni
1031 4058 1040 4102 τ

222 4141 334 4220 Quam
350 4145 468 4208 circum
484 4159 627 4210 extreme
644 4144 755 4210 dextris
770 4143 904 4228 levique
919 4143 1077 4210 trahuntur
1199 4147 1264 4207 235

226 4245 493 4390 Ceruleit‘glacie
505 4267 655 4316 concretu
670 4266 762 4336 atque
778 4250 925 4317 imbribus
941 4249 1033 4314 auis:

550 4357 571 4416 6
