2914 5130
164 391 219 450 194
601 387 790 450 assinos
891 463 896 473 ⁸

205 543 355 630 Vinaque
370 541 520 610 lundebat
538 547 666 630 pateris,
682 545 879 630 animamque
893 544 1031 610 vocabat

206 646 353 713 Anchisa
368 651 483 736 magni,
498 649 670 735 Manesque
687 648 863 716 Acheronte
877 651 1036 714 remissos.

207 751 275 816 Nec
290 773 351 816 non
366 764 398 816 et
410 754 498 832 socii,
513 773 582 837 quae
597 755 711 838 cuique
725 765 772 816 cst
786 755 889 838 copia,
903 750 967 816 laeti
1182 755 1242 814 too

207 851 301 916 Dona
315 852 426 934 ferunt,
440 867 632 940 onerantque
647 875 727 933 aras,
742 865 939 938 mactantque
949 854 1120 940 juvencos:

207 955 328 1022 Ordine
343 955 445 1025 ahena
460 956 563 1022 locant
578 956 631 1020 alii
644 982 653 1036 ς
674 957 795 1043 fusique
809 979 868 1044 per
883 956 1016 1022 herbam
1063 969 1089 1010 s

209 1059 385 1146 Subjiciunt
399 1061 536 1126 verubus
549 1083 676 1146 prunas,
691 1073 722 1126 et
737 1065 859 1126 viscera
874 1073 1004 1126 torrent.

250 1161 441 1248 Exspectata
456 1161 523 1228 dies
537 1163 659 1244 aderat,
673 1186 847 1250 nonamque
862 1163 973 1228 sereni

208 1267 362 1330 Auroram
379 1264 581 1332 Phaethontis
596 1269 669 1352 equi
679 1267 746 1354 jam
762 1267 830 1332 luce
846 1266 1021 1332 vehebant:
1182 1272 1240 1330 105

208 1369 367 1454 Famaque
383 1368 527 1436 finitimos
542 1351 573 1434 et
587 1369 666 1434 clari
681 1391 793 1436 nomen
808 1371 933 1436 Acestae

208 1473 376 1537 Excierat:
399 1471 470 1538 laeto
484 1470 678 1560 complerant
693 1471 797 1538 littora
811 1485 905 1552 coetu,

208 1575 319 1641 Visuri
334 1573 502 1658 AEneadas,
515 1598 589 1662 pars
604 1589 635 1640 et
649 1589 772 1642 certare
785 1577 900 1662 parati.

208 1677 342 1742 Munera
355 1679 511 1764 principio
526 1690 597 1744 ante
612 1677 719 1742 oculos
733 1679 883 1762 circoque
899 1676 1042 1742 locantur

206 1779 242 1844 ln
258 1777 381 1858 medi03
402 1783 485 1844 sacri
500 1779 650 1866 tripodes,
665 1779 844 1866 viridesque
859 1801 994 1860 coronae,
1018 1775 1019 1778 '
1181 1783 1241 1842 tto

113 1877 116 1886 '
206 1881 246 1947 Et
260 1881 383 1967 palma,
397 1886 530 1968 pretium
545 1883 736 1964 victoribus3
765 1904 925 1970 armaque,
940 1896 971 1948 et
986 1893 1070 1948 ostro

207 1983 345 2048 Persusae
361 1997 473 2066 vestes,
487 1989 608 2072 argenti
623 1987 752 2072 aurique
767 1985 901 2052 talenta:

207 2087 249 2152 Et
263 2087 343 2152 tuba·
352 2092 532 2154 commissos
547 2089 652 2154 medio
665 2093 750 2156 canit
764 2110 877 2178 aggere
892 2087 995 2154 ludos.

106 2233 116 2252 .
174 2217 184 2244 ο
250 2189 355 2255 Prima
370 2211 463 2276 pares
478 2195 584 2258 incunt
598 2193 748 2280 gravibus
762 2195 935 2258 certamina
949 2193 1044 2264 remis

207 2299 349 2382 Quatuor
363 2319 404 2362 ex
419 2299 502 2362 omni
517 2295 647 2362 dolectae
662 2295 764 2365 classe
779 2300 907 2364 carinae.
1181 2299 1240 2358 trs

207 2401 361 2467 Velocem
376 2398 557 2464 Mnestheu's
572 2401 634 2486 agit
649 2402 715 2464 acri
729 2403 848 2486 remige
864 2399 988 2478 Pristin,

205 2503 283 2568 Mox
298 2501 393 2566 Italus
408 2500 598 2581 Mnestheus,
612 2523 709 2588 genus
723 2523 743 2565 a
758 2523 819 2586 quo
834 2503 958 2566 nomine
973 2499 1123 2578 lllemmi3

207 2605 427 2692 lugentemque
441 2603 531 2688 Gyas
546 2606 663 2690 ingenti
678 2603 759 2668 mole
774 2603 975 2683 Chimaeram,

207 2705 306 2772 Urbis
320 2721 407 2792 opus,
422 2705 538 2792 triplici
552 2707 652 2792 pubes
667 2727 761 2791 quatu
775 2705 927 2798 Dardana
941 2727 1033 2771 versu

206 2808 379 2896 lmpcllunt,
394 2822 481 2874 terno
496 2823 684 2896 consurgunt
698 2807 809 2874 ordine
823 2809 921 2890 remi.;
1180 2813 1240 2874 tao

206 2915 440 3000 Sergestusquc,
453 2910 563 2976 domus
577 2924 663 2976 tenet
678 2931 697 2976 a
712 2934 774 2998 quo
789 2913 898 3000 Sergia
912 2935 1036 2993 nomen,
1073 2997 1076 3005 4

206 3018 365 3083 Centauro
380 3017 534 3082 invehitur
548 3017 681 3104 magnit3
704 3015 874 3104 Scyllique
889 3017 1062 3088 Cloanthus

206 3119 360 3200 Caeruleh,
374 3141 469 3206 genus
483 3119 566 3186 unde
580 3121 648 3200 tibi,
665 3119 807 3186 Romane
821 3120 957 3187 Cluenti.

249 3225 305 3290 Est
319 3223 428 3310 procul
443 3227 476 3288 in
489 3223 601 3312 pelago
616 3245 736 3306 saxum,
750 3228 925 3310 spumantia
939 3238 1049 3290 contra

206 3327 338 3407 Littora,
352 3325 437 3412 quod
452 3325 576 3392 tumidis
591 3327 786 3394 submersum
801 3325 938 3392 tunditur
953 3327 1027 3392 olim
1180 3331 1240 3390 125

208 3430 379 3510 Fluctibus,
394 3429 519 3523 hiberni
533 3428 670 3496 condunt
684 3429 738 3494 ubi
754 3427 858 3494 sidera
874 3429 969 3494 Cori:

206 3535 392 3624 Tranquillo
407 3532 486 3618 silet,
501 3536 690 3622 immotique
704 3535 853 3602 attollitur
868 3536 949 3602 undai

206 3641 355 3726 Campus,
370 3651 401 3704 et
415 3643 532 3725 apricis
547 3642 638 3704 statio
652 3643 829 3725 gratissima
843 3643 969 3726 mergis.

208 3744 274 3808 Hic
289 3742 423 3808 viridem
439 3741 553 3808 AEneas
567 3741 724 3808 frondenti
738 3765 778 3806 ex
793 3742 866 3808 ilice
881 3755 996 3808 melam

207 3844 374 3908 Constituit
389 3847 509 3930 signum
524 3846 626 3910 nautis
639 3857 740 3930 pater,
753 3841 836 3908 unde
850 3842 969 3906 reverti
1179 3848 1243 3906 130

207 3951 339 4030 Scirent,
354 3961 386 4012 et
399 3945 506 4035 longos
521 3949 575 4014 ubi
590 3948 836 4012 circumflectere
851 3967 971 4010 cursus.

207 4050 289 4116 Tum
303 4049 374 4116 loca
389 4061 471 4116 sorte
487 4050 611 4136 legunt,
633 4053 756 4137 ipsique
770 4052 803 4116 in
818 4049 976 4136 puppibus
996 4071 1072 4118 auro
