2978 5124
179 492 240 548 ³⁰2
628 483 818 548 AENEIDOS

221 643 308 708 Dum
323 641 433 707 domus
449 639 555 706 AEnem
571 639 713 726 Capitoli
725 637 883 704 immobile
894 660 1005 704 saxum

225 745 366 832 Accolet,
380 745 606 832 imperiumque
620 755 712 828 pater
727 743 888 807 Romanus
904 743 1046 808 habebit.

268 850 415 914 Victores
429 847 537 933 prada
552 845 661 912 Rutuli
676 845 846 931 spoliisque
860 844 950 930 potiti

225 951 427 1018 Volscentem
442 950 619 1014 exanimum
634 948 743 1013 flentes
757 949 788 1012 in
803 961 908 1012 castra
922 947 1076 1012 serebant.

225 1057 293 1120 Nec
310 1056 409 1120 minor
424 1057 455 1118 in
470 1054 581 1118 castris
596 1051 705 1132 luctus,
721 1051 897 1116 Rhamnete
912 1063 1039 1138 reperto

225 1157 395 1246 Exsangui,
410 1169 442 1222 et
454 1159 565 1242 primis
580 1155 641 1220 unit
656 1167 701 1219 tot
714 1153 803 1218 caede
818 1149 997 1241 peremptis,

226 1261 434 1344 Serranoque,
449 1255 633 1342 Numaque3
654 1257 761 1343 ingens
775 1273 946 1322 concursus
960 1257 1001 1322 ad
1017 1260 1085 1343 ipsa

224 1362 378 1448 Corpora,
392 1361 627 1446 seminecesque
640 1359 735 1438 viros,
749 1359 916 1445 tepidaque
930 1373 1089 1426 recentem

226 1463 324 1528 Caede
340 1464 452 1543 locum,
466 1476 499 1528 et
512 1461 605 1548 pleno
619 1475 797 1548 spumantes
811 1463 960 1547 sanguine
974 1465 1071 1527 rivos.

226 1570 406 1654 Agnoscunt
419 1566 521 1652 spolia
536 1569 617 1630 iuter
630 1587 675 1646 se,
689 1565 874 1652 galeamque
889 1565 1037 1630 nitentem

226 1671 376 1756 Messapi,
391 1683 422 1734 et
436 1669 532 1735 multo
547 1667 693 1755 phakras
708 1667 823 1733 sudore
837 1681 993 1754 receptas.

270 1773 310 1838 Et
320 1775 388 1860 jam
402 1776 503 1858 prima
518 1795 599 1838 novo
613 1771 784 1859 spargebat
799 1771 913 1836 lumine
928 1785 1031 1836 terras

222 1875 358 1941 tithoni
373 1897 519 1940 croceum
535 1873 677 1959 linquens
691 1877 816 1940 Aurora
829 1873 955 1956 cubile;

228 1980 301 2044 Jam
315 1978 380 2044 sole
396 1959 506 2059 lilioso,
516 1980 583 2066 jam
596 1979 693 2044 rebus
707 1979 778 2046 luce
788 1982 925 2059 retectis,

229 2083 354 2148 Turnus
369 2085 400 2147 iu
416 2103 504 2148 arma
519 2086 613 2163 viros,
628 2083 722 2150 armis
736 2082 950 2148 circumdatus
964 2082 1042 2167 ipse,

230 2187 374 2266 Suscitat,
389 2199 565 2272 aeratasque
581 2186 665 2252 acies
679 2189 712 2250 in
726 2184 840 2272 proelia
854 2189 955 2272 cogit:

229 2289 369 2376 Quisque
384 2312 475 2370 suos;
495 2291 654 2375 variisque
669 2303 784 2356 acuunt
798 2291 972 2356 rumoribus
988 2294 1063 2356 iras.

225 2393 312 2476 Quin
326 2393 394 2478 ipsa
410 2396 553 2472 arrectis,
567 2396 634 2458 visu
650 2392 839 2474 miserabile,
853 2397 886 2458 in
901 2393 998 2459 hastis

229 2496 395 2582 Praefigunt
409 2499 524 2581 capita,
538 2510 570 2560 et
583 2495 679 2562 multo
693 2496 832 2562 clamore
846 2509 1027 2582 sequuntur,

229 2599 364 2686 Euryali
379 2613 409 2662 et
423 2599 503 2664 Nisi.

228 2699 382 2767 AEneadae
394 2700 465 2766 duri
480 2723 636 2766 murorum
652 2703 682 2768 in
696 2717 787 2788 parte
797 2705 925 2770 sinistra

228 2805 415 2892 Opposurire
429 2805 539 2886 aciem,
554 2827 626 2870 nam
641 2805 773 2872 dextera
787 2809 921 2895 cingitur
935 2813 1029 2892 amni,

228 2909 435 2996 lugentesque
449 2921 554 2974 teuent
569 2909 678 2990 fossas,
693 2923 723 2974 et
737 2913 876 2977 turribus
890 2912 961 2978 altis

166 3091 169 3098 ⁴
231 3013 319 3076 Stant
334 3010 451 3076 moesti:
474 3011 566 3076 mmul
580 3033 637 3076 ors
651 3012 754 3076 virum
769 3013 898 3099 prefixa
913 3015 1091 3097 mouebant,

230 3113 313 3178 Nota
327 3115 418 3178 nimis
432 3115 563 3194 miseris,
577 3127 707 3200 atroque
721 3115 846 3181 fluentia
861 3119 946 3182 tabo.

230 3217 354 3280 interea
368 3214 517 3301 paridam
532 3215 664 3282 volitans
678 3231 814 3304 pennata
828 3241 888 3304 per
900 3221 1012 3285 urbem

229 3319 347 3384 Nuntia
361 3323 445 3384 lama
459 3323 532 3400 ruit,
547 3321 714 3405 matrisque
730 3323 890 3388 adlabitur
905 3345 997 3389 aures

230 3423 383 3511 Euryali:
407 3437 438 3488 at
453 3425 573 3490 subitus
588 3430 709 3492 miserm
724 3427 813 3492 calor
827 3451 899 3494 ossa
913 3429 1056 3516 reliquit3

231 3525 366 3590 Excussi
381 3526 523 3592 manibus
541 3528 631 3609 radii,
644 3531 850 3618 revolutaque
865 3555 982 3618 pensa:

231 3629 344 3693 Evolat
359 3629 479 3712 infelix,
492 3645 524 3696 et
538 3631 684 3700 loemiueo
700 3633 828 3716 ululatu,

232 3731 334 3796 Scissa
349 3753 482 3814 comam,
497 3755 602 3799 muros
617 3759 724 3802 amens
739 3751 833 3824 atque
848 3744 974 3826 agmina
988 3761 1082 3806 cursu

232 3835 336 3900 Prima
350 3839 451 3921 petit:
473 3859 535 3902 nou
548 3837 604 3904 illa
619 3841 730 3922 virium,
744 3865 806 3906 non
819 3841 876 3908 illa
890 3843 1002 3929 pericli

231 3937 443 4025 Telorumque
457 3963 596 4023 nsemor3
617 3943 731 4010 coelum
745 3945 859 4012 debinc
874 3947 1034 4032 questibus
1046 3945 1175 4034 implet:
1205 3953 1274 4011 480

233 4042 328 4105 Hunc
344 4063 401 4128 ego
416 4057 457 4124 te,
473 4045 623 4134 Euryale,
638 4047 799 4136 adspicio?
821 4063 894 4114 tune
909 4049 970 4130 ille,
985 4064 1119 4116 senectae

227 4145 311 4208 Sera
326 4165 400 4208 mee
415 4149 560 4230 requies?
579 4151 706 4242 potumti
720 4151 861 4236 linquere
876 4152 987 4232 selom,
