2956 5132
197 541 259 614 ldss
639 534 827 604 'AENEIDOS

239 699 437 782 Auratasque
453 695 568 775 trabes,
582 707 723 760 veterum
734 693 851 758 decora
866 689 930 758 alta
944 693 1122 777 parentdm,

241 798 437 864 Devolvunt:
461 797 516 863 alii
531 801 646 862 strictis
661 797 860 862 mucronibus
875 798 955 862 imas

239 902 405 968 Obsedere
419 902 520 981 lores3
541 900 599 965 has
613 912 738 965 servant
752 899 873 984 agmine
888 899 997 964 denso.
1213 911 1277 968 450

242 1005 408 1070 Instaurati
424 1005 518 1068 animi
533 1007 614 1090 regis
630 1023 812 1067 succurrere
827 1001 927 1082 tectis,

242 1106 434 1196 Auxilioque
447 1104 554 1170 levare
568 1105 663 1185 viros,
677 1108 802 1188 vimque
817 1103 936 1168 addere
951 1104 1051 1168 victis.

284 1209 396 1274 Limen
411 1221 488 1288 erat,
503 1228 653 1293 ceceque
669 1207 761 1285 fores,
776 1219 806 1269 et
820 1209 947 1290 pervius
961 1229 1035 1270 usus

243 1312 412 1377 Tectorum
425 1315 508 1375 inter
522 1333 556 1375 se
572 1311 699 1388 Priami,
714 1323 879 1395 postesque
894 1309 996 1374 relicti

241 1419 270 1481 A
286 1430 383 1501 tergo,
397 1413 507 1478 infelix
522 1413 585 1499 quai
599 1435 642 1493 se,
657 1412 729 1476 dum
745 1433 842 1498 regna
856 1412 1034 1492 manebant,
1213 1422 1276 1478 455

244 1515 361 1602 Sapids
377 1515 597 1580 Andromache
612 1515 694 1580 ferre
710 1517 889 1578 incomitata
904 1511 1027 1578 solebat

242 1620 293 1687 Ad
309 1641 444 1699 soceros,
460 1633 490 1682 ct
506 1639 566 1683 avo
580 1639 711 1704 puerum
727 1620 921 1702 Astyanacta
935 1615 1092 1680 trahebat.

243 1721 355 1788 Evado
370 1721 411 1786 ad
426 1725 536 1786 summi
550 1721 673 1807 fastigia
689 1717 842 1798 culminis,
856 1717 940 1784 unde

241 1824 323 1889 Tela
339 1846 431 1890 manu
446 1827 550 1888 miseri
562 1823 726 1906 jactabant
740 1825 829 1886 irrita
845 1821 975 1886 Teucri.

242 1927 370 1992 Turrim
385 1929 417 1990 in
431 1929 583 2010 precipiti
598 1939 739 2004 stantem,
754 1929 944 2010 summisque
960 1926 1019 1990 sub
1034 1939 1118 1992 astra

241 2031 398 2097 Eductam
414 2033 514 2110 tectis,
529 2029 611 2094 unde
626 2032 726 2094 omnis
740 2029 839 2115 Troja
854 2028 967 2110 videri,

241 2133 284 2198 Et
298 2133 445 2198 Danatim
461 2132 557 2197 solttae
572 2151 677 2210 naves,
692 2144 722 2196 et
737 2130 861 2195 Achaia
876 2145 991 2212 castra,

243 2239 389 2324 Aggressi
406 2235 490 2301 leno
505 2231 633 2314 circtim,
648 2233 709 2320 quit
724 2254 844 2298 summa
858 2232 1000 2299 labantes

184 2405 198 2426 ‚
243 2341 412 2404 Juncturas
427 2339 566 2404 tabulata
581 2338 708 2416 dabant,
723 2335 926 2402 convellimus
941 2336 1012 2402 altis

243 2442 387 2524 Sedibus,
402 2441 650 2528 impulimusque.
675 2439 723 2504 Ea
738 2439 826 2526 lapsa
840 2443 971 2528 repente
985 2444 1108 2505 ruinam

244 2547 326 2609 Cum
341 2547 441 2608 sonitu
457 2543 560 2624 trahit,
576 2557 605 2608 et
620 2543 763 2607 Danatim
779 2565 874 2629 super
888 2546 1012 2630 agmina
1027 2543 1089 2608 late

244 2645 375 2711 incidit:
399 2659 446 2710 ast
461 2645 515 2709 alii
531 2647 683 2710 subeunt:
706 2669 763 2710 nec
779 2669 866 2725 saxa,
880 2668 937 2712 nec
953 2645 1051 2709 ullum

244 2748 394 2813 Telorum
409 2751 529 2812 interea
543 2762 645 2812 cessat
659 2769 766 2834 genus.

244 2851 444 2918 Vestibulum
459 2864 530 2916 ante
545 2852 644 2936 ipsum
659 2854 822 2936 primoque
839 2851 868 2916 in
884 2850 988 2916 limine
1004 2849 1145 2938 Pyrrhus

246 2954 401 3034 Exsultat,
416 2955 486 3019 telis
501 2968 531 3018 et
546 2955 614 3018 luce
629 2973 776 3017 coruscus
792 2953 903 3018 aheni.

247 3057 358 3141 Qualis
373 3059 425 3121 ubi
443 3061 475 3122 in
490 3057 591 3121 lucem
602 3056 742 3136 coluber,
758 3056 839 3120 male
853 3057 994 3144 gramina
1009 3071 1123 3144 pastuS,

247 3159 377 3246 Frigida
392 3159 450 3223 sub
465 3158 549 3223 terrai
563 3159 714 3223 tumidum
730 3181 822 3244 quem
838 3159 949 3224 bruma
965 3159 1099 3247 tegebat,

249 3263 340 3328 Nunc
355 3263 461 3348 positis
476 3284 573 3326 novus
589 3265 720 3340 exuviis,
735 3261 913 3346 nitidusque
923 3264 1062 3351 juventi,

250 3365 389 3430 Lubrica
402 3363 557 3429 convolvit
571 3363 693 3428 sublato
707 3377 835 3450 pectore
850 3377 939 3450 terga

250 3466 376 3532 Arduus
391 3465 432 3530 ad
447 3463 553 3546 solem,
568 3480 599 3530 et
613 3465 724 3553 linguis
739 3469 834 3530 micat
847 3485 902 3529 ore
917 3465 1063 3531 trisulcis.

252 3567 324 3633 Unci
338 3570 444 3654 ingens
459 3567 622 3652 Periphas,
637 3559 668 3631 el
682 3589 832 3652 equorum
847 3567 979 3653 agitator
995 3563 1127 3632 Achillis

251 3673 395 3757 Armiger
411 3669 615 3747 Automedon,
630 3668 691 3732 unit
705 3669 803 3732 omnis
818 3669 932 3753 Scyria
946 3671 1055 3752 pubes,

253 3772 429 3838 Succedunt
443 3787 535 3851 tecto,
551 3787 581 3837 et
595 3773 732 3837 flammas
748 3769 788 3834 ad
803 3771 937 3834 culmina
947 3773 1077 3856 jactant.

252 3875 323 3960 lpse
339 3875 417 3939 inter
431 3879 548 3962 primos
563 3872 707 3958 correpti
721 3871 801 3936 dura
815 3873 943 3956 bipenni

252 3975 377 4040 Limina
391 3979 572 4063 perrumpit,
586 3988 751 4062 postesque
766 3995 786 4037 a
799 3971 928 4037 cardine
943 3970 1029 4036 vellit

255 4079 397 4158 Eratos3
414 4081 553 4166 jamque,
568 4079 673 4146 excisa
688 4079 787 4158 trabe,
802 4078 891 4144 firma
906 4077 1050 4141 cavavit·

256 4182 394 4262 Robora,
409 4195 440 4246 et
454 4183 608 4270 ingentem
622 4183 685 4248 lato
700 4183 787 4249 dedit
799 4205 855 4250 ore
869 4181 1049 4248 fenestram.
