2936 5122
171 465 174 484 '
210 465 268 522 ³68
657 457 845 518 AEttsslnos

254 631 316 698 Fas
330 645 417 714 erat3
438 630 533 720 idque
547 651 654 697 omnes
668 631 796 719 divique
812 630 1013 720 hominesque
1028 635 1200 704 canebant:

253 737 366 802 Victus
381 757 486 800 amore
502 736 554 816 tui,
569 747 702 822 cognato
717 736 864 822 sangiune
879 740 990 820 victus,

253 839 403 927 Conjugis
418 851 449 904 et
463 851 579 903 moestae
595 837 754 926 lacrymis,
769 839 873 904 vincla
887 842 992 906 omnia
1005 842 1095 927 rupi3
1244 851 1293 909 30

254 943 441 1008 Promissam
455 941 555 1026 eripui
569 963 685 1028 genero
700 968 709 1022 ς
731 963 818 1008 arma
833 943 930 1028 impia
944 947 1072 1030 sumpsi.

253 1039 303 1111 Ex
319 1045 372 1109 illo
387 1049 440 1130 qui
456 1067 505 1108 me
519 1065 621 1124 casus,
637 1065 716 1130 quae,
731 1045 848 1125 Turne,
862 1057 1032 1130 sequantur

253 1148 353 1230 Bella,
368 1147 476 1228 vides;
497 1160 628 1232 quantos
642 1149 760 1233 primus
775 1149 897 1231 patiare
913 1145 1049 1212 labores.

253 1251 307 1317 Bis
322 1249 435 1337 magnii
448 1249 521 1314 victi
535 1249 636 1336 pugni
651 1253 706 1312 vix
720 1250 799 1314 urbe
814 1262 938 1314 tuemur

252 1355 331 1440 Spes
346 1351 460 1432 ltalas;
481 1349 621 1416 recalent
636 1363 741 1414 nostro
755 1351 909 1416 Tiberina
924 1352 1039 1418 fluenta
1245 1363 1291 1420 3⁵

252 1454 406 1542 Sanguine
422 1453 535 1532 adhuc,
547 1455 714 1536 campique
729 1453 868 1538 ingentes
882 1455 1004 1520 ossibus
1018 1455 1136 1522 albent.

251 1557 322 1641 Qud
336 1557 456 1622 referor
471 1555 580 1620 toties?
603 1575 672 1639 quoe
688 1569 823 1620 mentem
837 1556 958 1624 insania
973 1564 1094 1624 mutati

252 1661 295 1740 Si,
308 1661 417 1724 Turno
432 1657 594 1738 exstincto,
608 1657 709 1720 socios
725 1678 793 1722 sum
808 1657 931 1724 adscire
946 1672 1086 1752 paratus,

250 1763 318 1828 Cur
332 1785 393 1828 non
408 1760 554 1826 incolumi
570 1757 672 1844 potitis
687 1763 860 1826 certamina
875 1761 973 1827 tollo?

248 1865 334 1950 Quid
349 1865 570 1950 consanguinei
588 1861 704 1941 Rutuli,
718 1862 793 1948 quid
808 1876 925 1928 caetera
944 1863 1029 1930 dicet
1243 1873 1286 1933 40

249 1967 350 2047 ltalia,
365 1965 406 2032 ad
423 1977 552 2030 mortem
567 1964 593 2029 si
608 1979 638 2028 te
653 1964 735 2044 (sors
750 1965 837 2030 dicta
851 1969 964 2033 refutet
974 1969 1005 2050 l)

249 2069 455 2150 prodiderim,
470 2079 575 2138 natam
590 2079 621 2131 et
635 2068 791 2134 connubia
806 2083 913 2134 nostra
928 2077 1105 2156 petentem?

248 2173 384 2260 Respice
401 2193 451 2236 res
464 2169 549 2236 bello
563 2171 688 2251 varias3
710 2174 857 2238 miserere
871 2175 1007 2258 parentis

247 2278 404 2363 longevi,
420 2295 512 2360 quem
527 2293 608 2338 nunc
625 2285 765 2340 moestum
781 2278 884 2362 patria
899 2275 1007 2342 Ardea
1022 2274 1114 2362 longe

246 2379 380 2448 Dividit.
425 2375 682 2460 Haudquaquam
697 2375 789 2440 dictis
803 2378 950 2444 violentia
964 2379 1063 2445 Turni
1241 2389 1284 2446 ts

247 2483 416 2552 Flectitur:
439 2491 606 2565 exsuperat
621 2482 729 2564 magle,
744 2482 945 2566 aegrescitque
959 2480 1124 2550 medendo.

246 2587 293 2654 Ut
306 2584 437 2672 primum
452 2583 512 2648 sari
528 2582 637 2668 potuit,
650 2585 695 2648 sic
712 2583 820 2648 institit
834 2605 908 2648 orer

245 2693 348 2774 Quam
363 2709 420 2774 pro
435 2707 484 2751 me
499 2707 608 2750 curam
621 2689 714 2770 geris,
730 2686 810 2750 hanc
825 2707 949 2771 precor,
961 2692 1088 2774 optime,
1101 2711 1160 2776 pro
1174 2711 1228 2758 me

245 2793 408 2879 Deponas,
421 2787 579 2871 letumque
593 2790 677 2854 sinas
692 2809 750 2873 pro
765 2785 856 2853 laude
872 2789 1002 2876 pacisci.

246 2897 288 2962 Et
301 2917 357 2960 uos
372 2893 445 2976 tela,
458 2905 559 2978 pater,
573 2894 751 2976 ferrumque
766 2890 849 2957 haud
865 2891 971 2958 debile
986 2891 1099 2958 dexua
1239 2900 1281 2960 50

247 2997 436 3084 Spargimus,
450 3007 481 3058 et
495 3007 600 3060 nostro
607 2998 755 3078 ,sequitur
769 2993 809 3058 de
824 2993 952 3060 vulnere
967 2997 1103 3084 sanguis.

244 3101 354 3188 Longe
369 3097 416 3162 illi
431 3097 492 3161 dea
507 3110 606 3162 mater
622 3097 690 3176 erit,
705 3116 774 3180 quae
789 3096 871 3160 nube
887 3096 1030 3182 fugacem

245 3200 407 3270 Foeminei
422 3213 515 3286 tegat,
529 3212 561 3264 et
576 3199 663 3262 vanis
678 3219 748 3264 sese
761 3197 886 3264 occulat
900 3199 1028 3264 umbris.

287 3312 328 3372 At
342 3306 459 3392 regina,
474 3303 554 3368 novit
568 3323 678 3390 pugnae
693 3304 862 3368 conterrita
875 3315 967 3383 sorte,

245 3409 367 3488 Flebat,
381 3427 412 3472 et
427 3405 587 3472 ardentem
601 3429 748 3492 generum
763 3408 910 3474 moritura
925 3406 1070 3474 tenebat:
1236 3413 1277 3473 65

243 3515 361 3590 Turne,
375 3533 432 3596 per
448 3509 504 3574 has
519 3531 578 3596 ego
592 3522 622 3574 te
637 3510 806 3596 lacrymas,
820 3531 877 3595 per
891 3509 917 3574 si
932 3512 1002 3595 quis
1016 3511 1138 3576 Amatis

243 3615 358 3702 Tangit
371 3613 470 3678 honos
485 3615 621 3678 animum
639 3612 728 3698 (spes
743 3626 776 3677 tu
789 3633 871 3676 nunc
886 3633 957 3691 una,
971 3625 1105 3678 senecta

243 3723 293 3786 Tu
308 3725 433 3807 requies
449 3723 582 3800 miserae,
597 3719 693 3784 decus
709 3721 936 3804 imperiumque
950 3717 1055 3784 Latini

242 3825 291 3888 Te
306 3845 411 3909 penes,
425 3825 456 3888 in
472 3839 502 3888 te
516 3826 615 3888 omnis
629 3821 739 3886 domus
753 3819 902 3886 inclinata
915 3821 1107 3905 recumbit),

244 3926 348 3992 Unum
362 3945 437 3990 oro:
460 3926 574 3990 desiste
590 3947 713 3990 manum
728 3927 922 3990 committere
938 3924 1081 3992 Teucris.
1232 3927 1272 3989 60

242 4030 304 4112 Qui
319 4042 348 4093 te
363 4050 497 4112 cumque
512 4040 636 4093 manent
651 4028 709 4092 isto
723 4027 892 4092 certamine
907 4047 1009 4107 casus,

243 4133 285 4198 Et
298 4153 361 4213 me,
372 4132 489 4212 Turne,
504 4144 648 4199 manent:
671 4130 760 4200 simul
775 4130 843 4198 haec
858 4131 959 4198 invisa
973 4131 1147 4215 relinquam
