2978 5124
653 533 769 596 LIBER
789 537 839 598 xl.

249 680 395 754 Abstulit
410 695 478 746 atra
492 677 571 760 dies,
585 694 617 746 et
631 681 738 748 funem
753 683 858 749 mersit
873 683 1000 750 acerbo.
1118 735 1186 769 „N

304 787 356 850 Sic
371 787 414 850 ait
429 784 639 871 illacrymans,
653 787 825 872 recipitque
838 785 880 850 ad
896 786 1002 852 limina
1016 805 1164 872 gressum,

259 887 384 974 Corpus
399 889 452 954 ubi
467 887 602 953 exanimi
617 892 750 974 positum
765 889 913 954 Pallantis
928 891 1054 954 Acoetes
1133 899 1134 903 ’
1249 896 1291 954 80

261 992 416 1056 Servabat
429 992 541 1070 senior,
556 993 610 1075 qui
626 992 792 1058 Parrhasio
808 991 954 1058 Evandro

260 1095 406 1181 Armiger
419 1096 495 1160 anta
505 1095 581 1175 luit3
602 1093 732 1160 sednon
747 1094 890 1160 felicibus
905 1089 995 1181 aequd

260 1199 344 1264 Tum
359 1219 463 1264 comes
478 1197 625 1282 auspiciis
638 1217 713 1260 caro
727 1197 818 1261 datus
833 1197 899 1262 ibat
914 1197 1048 1262 alumno.

260 1297 390 1366 Circbm
405 1321 511 1364 omnes
525 1299 735 1382 lamulquue
749 1321 868 1380 manus,
882 1299 1082 1388 Trojanaque
1097 1301 1198 1386 turba,

258 1401 302 1466 Et
316 1419 456 1465 moestum
472 1401 586 1465 Iliades
600 1404 717 1466 crinem
732 1401 772 1464 de
787 1423 872 1466 more
886 1400 1004 1466 solutoe.
1249 1411 1290 1469 ³5

260 1501 306 1566 Ut
320 1502 395 1568 verti
410 1501 528 1567 AEneas
542 1503 659 1568 loribus
674 1525 742 1568 sese
757 1501 951 1584 intulitaltis,

108 1643 114 1652 ·
221 1671 235 1692 ἱ
260 1607 417 1693 lugentem
431 1609 578 1692 gemitum
593 1609 689 1672 tunsis
704 1605 744 1670 ad
759 1605 864 1670 sidera
879 1605 988 1672 tollunt

260 1711 452 1790 Pectoribus,
467 1723 637 1794 moestoque
653 1710 791 1796 immugit
804 1707 891 1795 regia
907 1709 1001 1774 luctu.

259 1814 332 1900 lpse
345 1827 439 1899 caput
454 1815 537 1877 nivei
553 1811 661 1878 fultum
677 1810 824 1876 Pallantis
840 1825 872 1876 et
884 1835 941 1878 ora

259 1913 305 1979 Ut
320 1915 407 1995 vidit,
423 1915 546 2000 levique
561 1928 669 1998 patens
685 1917 717 1978 in
731 1927 858 1998 pectore
874 1913 984 1980 vulnus

257 2018 408 2105 Cuspidis
422 2019 577 2098 Ausoniae,
593 2017 742 2103 lacrymis
757 2021 800 2080 ita
815 2017 897 2081 satur
911 2019 1047 2082 obortis:

303 2121 400 2198 Tene,
415 2121 524 2205 inquit,
537 2119 712 2184 miserande
728 2141 814 2204 puer,
829 2139 923 2206 quum
938 2118 1010 2184 laeta
1024 2119 1153 2202 veniret,

258 2222 373 2290 lnvidit
387 2223 508 2288 somena
524 2224 608 2304 mihi,
622 2246 661 2289 ne
675 2245 772 2310 regna
787 2221 910 2288 videres

257 2327 384 2406 Nostra,
398 2349 499 2412 oeque
514 2327 554 2392 ad
569 2327 660 2392 sedes
675 2328 773 2392 vietor
788 2325 938 2391 veherere
953 2331 1121 2412 paternasl

257 2429 330 2494 Non
345 2425 412 2493 baec
429 2429 576 2494 Evandro
590 2429 630 2496 de
645 2442 675 2494 te
689 2429 841 2515 promissa
854 2429 977 2514 parenti

256 2531 433 2597 Discedens
448 2529 608 2612 dederam,
620 2553 716 2618 quum
731 2555 780 2598 me
795 2531 974 2619 complexus
990 2541 1114 2602 euntem

260 2635 400 2700 Mitteret
414 2635 443 2700 in
456 2655 599 2721 magnum
614 2637 787 2720 imperium,
801 2649 1002 2720 metuensque
1016 2647 1155 2702 moneret

258 2741 359 2803 Acres
374 2759 441 2803 esse
456 2742 550 2818 viros,
563 2759 634 2802 cum
648 2737 726 2804 duris
742 2737 853 2825 proelia
866 2752 969 2826 gente.

259 2841 302 2906 Et
316 2864 396 2907 nunc
411 2842 462 2907 ille
477 2841 613 2927 quidem,
627 2863 682 2928 spe
696 2839 824 2906 multllm
839 2857 948 2928 captus
963 2845 1058 2925 inani,

259 2943 339 3008 Fors
353 2957 385 3009 et
398 2958 471 3008 uota
485 2942 570 3026 lacit,
584 2942 783 3028 cumulatque
798 2941 909 3010 altaria
922 2943 1029 3024 donis3

259 3046 326 3111 Nos
337 3048 484 3132 juvenem
499 3045 685 3126 exanimum,
699 3057 730 3110 et
744 3045 787 3110 nil
796 3046 864 3133 jam
879 3045 1057 3114 coelestibus
1071 3046 1142 3113 ullis

259 3149 447 3230 Debentem,
461 3169 542 3214 vano
557 3151 659 3214 moesti
674 3149 857 3214 comitamur
871 3148 1000 3216 bonore.

258 3251 382 3332 lnlelix,
397 3251 460 3316 nati
474 3252 563 3316 sunus
576 3250 704 3316 crudele
720 3251 843 3316 videbis
858 3254 866 3315 !

258 3355 306 3420 Hi
321 3355 415 3420 nostri
429 3353 546 3419 reditus
561 3355 794 3440 exspectatique
809 3353 971 3440 triumphi!
1071 3380 1074 3390 ’

258 3459 343 3525 Haec
358 3480 426 3524 mea
441 3481 552 3546 magna
567 3457 663 3524 fides!
686 3462 728 3523 At
741 3480 812 3538 non,
827 3458 984 3538 Euandre,
999 3453 1152 3544 pudendis

258 3560 453 3630 Vulneribus
467 3560 589 3646 pulsum
604 3557 779 3644 adspicies3
802 3580 859 3624 nec
874 3559 988 3643 sospite
1003 3556 1107 3624 dirum

258 3664 393 3750 Optabis
408 3677 481 3728 nato
495 3663 585 3728 sunus
599 3676 700 3749 pater.
745 3658 810 3726 Hei
824 3661 918 3724 mibi!
942 3672 1089 3746 quantum

263 3765 455 3846 Presidium,
471 3768 618 3846 Ausonia,
634 3777 664 3828 et
679 3777 827 3848 qnantum
843 3775 875 3826 tu
890 3761 1007 3847 perdis,
1021 3761 1105 3827 liile!

304 3871 385 3936 Herc
400 3871 454 3934 ubi
470 3868 604 3948 deflevit,
618 3867 684 3932 tolli
700 3864 876 3932 miserabile
891 3885 1005 3950 corpus

259 3974 407 4060 Imperat,
422 3986 453 4038 et
468 3985 531 4038 toto
546 3971 642 4038 lectos
657 3993 696 4036 ex
712 3969 832 4056 agmine
848 3967 938 4031 mittit

259 4077 350 4146 Mille
363 4079 457 4155 viros,
472 4077 525 4160 qui
540 4094 715 4160 supremum
730 4072 914 4135 comitentur
928 4067 1086 4150 honorem,

261 4179 466 4264 intersintque
480 4177 578 4263 patris
593 4173 759 4260 lacrymis:
782 4171 894 4238 solatia
908 4167 1008 4236 luctis

463 4315 475 4354 ,
962 4309 964 4314 .
