2914 5130
163 547 218 604 172
601 491 791 602 AENEIDOb

205 695 420 780 instauratque
435 693 517 758 diem
532 693 630 775 donis,
644 693 861 780 pecudumque
874 694 1006 762 reclusis

206 797 388 862 Pectoribus
402 795 533 876 inhians,
548 797 695 882 spirantia
709 795 839 861 consulit
853 809 938 862 exta.

207 902 301 967 Heu!
323 915 428 966 vatum
443 905 557 988 ignare
572 903 708 966 mentes!
731 900 806 984 quid
821 913 894 978 vota
908 903 1069 983 fruentem,
1196 913 1238 970 65

205 1004 290 1084 Quid
305 1003 444 1070 delubra·
447 1005 556 1091 juvant
570 1009 583 1067 l
605 1018 651 1068 est
665 1003 765 1070 mollis
780 1002 903 1068 tlamma
919 1004 1069 1071 medullas

205 1109 339 1189 interea,
353 1121 384 1173 et
397 1109 523 1173 tacitum
537 1109 613 1172 vivit
628 1108 687 1173 sub
701 1121 828 1193 pectore
841 1106 962 1173 vrrlnus.

206 1209 314 1276 Uritur
329 1209 435 1276 infelix
449 1210 544 1290 Dido,
558 1209 683 1294 totique
698 1221 830 1295 vagatur

205 1313 295 1380 Urbe
309 1315 433 1379 furens:
457 1313 556 1399 qualis
571 1311 714 1401 conjecti
727 1333 823 1376 cerva
837 1313 957 1399 sagitti,

204 1418 307 1496 Quam
321 1417 429 1503 procul
444 1421 601 1482 incautam
616 1435 743 1480 nemora
758 1417 839 1480 inter
853 1414 962 1479 Cresia
977 1415 1046 1479 fixit

206 1520 316 1585 Pastor
331 1541 424 1606 agens
439 1519 519 1599 telis,
534 1519 682 1604 liquitque
698 1517 824 1583 volatile
838 1520 954 1582 ferrum

203 1622 355 1704 Nescius3
377 1623 434 1688 illa
448 1623 520 1708 sugl
534 1623 630 1687 silvas
644 1621 801 1707 saltusque
814 1633 960 1709 peragrat

203 1724 358 1790 Dictaeos:
382 1725 476 1790 heret
492 1725 582 1790 lateri
597 1724 697 1790 letalis
717 1725 848 1790 arundo.

203 1828 295 1894 Nunc
310 1827 412 1894 media
428 1828 546 1892 AEnean
561 1849 666 1890 secum
680 1849 738 1911 per
752 1830 864 1891 moenia
879 1829 974 1906 ducit,

204 1921 409 2014 Sidoniasque
423 1942 556 1993 ostentat
571 1951 656 2014 opes,
670 1929 842 2013 urbemque
857 1944 1001 2014 paratam
1015 1954 1024 1993 τ

204 2030 316 2116 incipit
330 2029 427 2110 effari,
443 2029 606 2114 mediique
621 2031 652 2094 in
666 2051 745 2094 voce
759 2031 885 2094 resistit.

203 2131 294 2200 Nunc
310 2133 430 2214 eadem,
446 2132 571 2198 labente
586 2132 649 2214 die,
663 2133 808 2198 convivia
823 2133 938 2216 querit,

203 2237 375 2322 iliacosque
389 2241 501 2302 iterum
516 2238 643 2302 demens
659 2235 767 2302 audire
782 2233 907 2300 labores

201 2339 362 2426 Exposcit,
376 2341 553 2428 pendetque
567 2344 678 2405 iterum
691 2339 844 2404 narrantis
858 2339 901 2404 ab
913 2359 979 2404 ore.

203 2441 285 2525 Pdst,
300 2443 355 2508 ubi
369 2443 509 2532 digressi,
523 2443 687 2527 lumenque
701 2443 836 2508 obscura
850 2443 988 2506 vicissim

202 2541 293 2608 Luna
308 2546 429 2630 premit,
444 2535 636 2628 suadentque
650 2543 797 2610 cadentia
811 2544 915 2609 sidera
930 2565 1061 2625 somnos,

203 2645 278 2710 Sola
292 2645 385 2710 domo
399 2660 510 2711 moeret
523 2647 633 2726 vacui,
648 2650 815 2734 stratisque
830 2646 945 2711 relictis

203 2749 352 2816 incubat:
375 2749 459 2814 illum
474 2751 587 2816 absens
603 2751 763 2817 absentem
780 2751 925 2836 auditque
939 2748 1109 2834 videtque;

153 2855 155 2866 ’
200 2855 266 2928 Aut
278 2855 397 2938 gremio
412 2855 591 2932 Ascanium,
605 2855 753 2940 genitoris
767 2855 900 2941 imagine
918 2863 1020 2939 capta,

171 2973 175 2982 ’
202 2956 339 3036 Detinet,
354 2947 513 3022 infandum
527 2960 554 3021 si
569 2957 677 3023 saliere
692 2959 787 3044 possit
802 2979 950 3022 amorem.

155 3061 158 3068 ’
203 3059 274 3124 Non
289 3072 397 3146 coepte
412 3073 572 3146 assurgunt
587 3073 705 3140 turres;
726 3083 786 3125 non
803 3081 890 3125 arma
901 3063 1046 3148 juventus

201 3161 358 3242 Exercet3
380 3175 536 3248 portusve,
551 3175 603 3226 aut
617 3162 853 3250 propugnacula
867 3162 953 3228 bello

202 3265 286 3332 'liuta
300 3279 429 3353 parant:
451 3265 587 3351 pendent
601 3287 698 3352 opera
714 3270 895 3351 interrupta,
911 3268 1060 3352 minaeque

177 3389 178 3392 ’
202 3367 366 3436 Mororum
379 3373 529 3456 ingentes,
544 3383 731 3454 aequataque
746 3359 893 3434 machina
907 3371 1000 3435 coelo.

245 3471 347 3554 Quam
362 3470 453 3536 simul
469 3492 506 3536 ac
522 3471 576 3536 tali
591 3475 746 3558 persensit
759 3485 847 3557 peste
861 3475 962 3536 teneri

201 3575 288 3642 cara
301 3575 389 3640 Jovis
403 3577 528 3661 conjux,
543 3595 601 3639 nec
615 3575 730 3638 samam
744 3573 870 3638 obstare
885 3575 1000 3654 surori3

201 3677 333 3743 Talibus
348 3677 527 3765 aggreditur
540 3676 699 3742 Venerem
715 3675 860 3739 Saturnia
874 3675 984 3740 dictis:

201 3779 368 3867 Egregiam
383 3782 459 3848 vero
473 3779 596 3846 laudem
612 3791 643 3841 et
657 3775 756 3862 spolia
771 3775 876 3862 ampla
889 3779 1012 3842 refertis

201 3881 319 3965 Tuque
328 3905 466 3969 puerque
482 3897 561 3963 tuus,
574 3901 718 3967 magnum
733 3893 764 3942 et
778 3879 979 3945 memorabile
993 3903 1116 3966 nomen,

202 3983 275 4050 Una
289 3984 362 4050 dolo
377 3986 484 4052 divfim
495 3990 521 4051 si
536 3983 663 4050 foemina
676 3986 760 4047 victa
782 3981 912 4046 duorum
927 3984 990 4046 est!

201 4087 269 4153 Nec
284 4110 333 4154 me
348 4087 429 4153 adeo
442 4088 521 4153 fallit
535 4091 667 4152 veritam
681 4101 711 4151 te
726 4087 838 4151 moenia
853 4097 970 4168 nostra,

201 4192 369 4278 Suspectus
383 4189 530 4256 habuisse
544 4190 653 4256 domos
668 4189 866 4278 Carthaginis
881 4188 963 4256 altae.
