2936 5122
191 503 250 560 000
632 499 821 560 AENEIDOS

236 657 318 722 Ossa
333 669 461 721 tremor.
506 656 610 720 Prima
625 669 696 720 ante
711 677 817 719 omnes
831 655 964 717 Jntuma
979 651 1106 720 Latinos

237 759 357 839 Audiit,
372 761 558 846 agnovitque
574 778 691 837 sonum,
706 770 737 820 et
752 757 934 822 tremefacta
948 757 1072 842 refugit.

238 861 295 926 llle
311 862 404 942 volat,
418 881 592 946 campoque
608 873 708 924 atrum
723 859 805 944 rapit
819 878 929 945 agmen
945 871 1065 944 aperto.
1210 863 1270 928 450

239 965 348 1048 Qualis
363 965 417 1030 ubi
433 963 474 1027 ad
489 975 598 1042 terras,
613 962 746 1046 abrupto
758 961 871 1040 sidere,
886 962 1007 1025 nimbus

238 1069 266 1132 lt
280 1089 365 1132 mare
381 1088 438 1152 per
452 1063 608 1130 medium:
632 1067 762 1143 miseris,
777 1061 857 1128 beu!
880 1063 1013 1149 praescia
1027 1062 1118 1151 longi

238 1173 436 1238 Horrescunt
450 1167 546 1234 corda
562 1165 724 1253 agricolist
747 1167 835 1231 dabit
850 1165 901 1230 ille
916 1168 1022 1231 ruinas

236 1272 423 1353 Arboribus,
438 1285 633 1357 stragemque
648 1271 741 1348 satis3
762 1281 831 1333 ruet
845 1272 949 1332 omnia
965 1268 1047 1332 latet

237 1375 424 1442 Antevolant
439 1375 632 1458 sonitumque
646 1372 747 1437 lemnt
762 1370 803 1436 ad
819 1371 920 1435 littora
935 1372 1029 1436 venti.
1210 1381 1272 1440 455

236 1479 324 1544 Talis
339 1479 370 1542 in
385 1499 513 1542 aversos
527 1476 638 1540 ductor
653 1473 817 1538 Rhoeteius
833 1473 936 1538 hostes

237 1586 357 1670 Agmen
373 1585 456 1668 agit=
478 1579 566 1644 densi
583 1577 689 1643 cuneis
704 1599 736 1640 sc
752 1577 883 1661 quisque
897 1577 1016 1642 coactis

239 1685 470 1774 Agglomerant.
514 1683 599 1748 Ferit
613 1703 687 1746 ense
701 1701 827 1766 gravem
843 1679 1054 1764 Thymbraeus
1068 1679 1204 1763 Osirlm3

239 1788 421 1852 Archetium
438 1785 637 1863 Mnestheus3
660 1783 832 1868 Epulonem
846 1784 1011 1848 obtruncat
1025 1783 1172 1865 Achates,

237 1889 445 1975 Ufentemque
460 1889 567 1976 Gyas:
590 1885 675 1951 cadit
692 1907 758 1971 ipse
772 1886 957 1952 Tolumnius
972 1908 1078 1974 augur,
1208 1894 1271 1952 460

240 1997 360 2060 Primus
375 1995 405 2056 in
420 1991 569 2056 adversos
584 1990 677 2054 telum
692 1989 745 2074 qui
760 2003 892 2053 torserat
909 1989 1023 2054 hostes.

239 2095 372 2161 Tollitur
386 2095 416 2157 in
431 2091 544 2158 cmlum
559 2092 687 2169 clamor,
702 2091 845 2175 versique
859 2090 996 2154 vicissim

240 2198 458 2264 Pulverulenta
473 2196 545 2282 luga
561 2194 668 2260 Rutuli
683 2193 759 2257 dant
774 2207 861 2280 terga
876 2215 933 2280 per
948 2213 1050 2280 agros.

240 2305 310 2390 lpse
325 2322 425 2386 neque
441 2299 588 2364 adversos
602 2295 746 2384 dignatur
760 2310 899 2362 sternere
913 2300 1015 2378 morti,

219 2439 221 2444 ·
240 2405 308 2470 Nec
323 2405 405 2492 pede
420 2423 603 2489 congressos
617 2421 718 2486 aequo,
733 2421 790 2465 nec
805 2400 866 2465 tela
881 2401 1014 2466 ferentes
1211 2409 1273 2466 465

240 2510 429 2592 Insequitur:
453 2505 551 2569 solum
566 2503 662 2568 densi
678 2503 708 2568 in
723 2500 855 2589 caligine
871 2502 1010 2567 Turnum

239 2613 383 2698 Vestigat
398 2610 549 2686 lustrans3
570 2606 668 2671 solum
683 2610 713 2670 in
729 2605 900 2670 certamina
915 2608 1026 2691 poscit.

283 2715 356 2778 Hoc
371 2731 521 2776 concussa
538 2723 620 2774 metu
635 2722 769 2772 mentem
783 2709 916 2774 Juturna
931 2705 1038 2794 virago

240 2817 385 2902 Aurigam
400 2813 500 2878 Turni
515 2811 619 2876 media
634 2813 716 2874 inter
730 2812 796 2875 lora
813 2803 978 2876 Metiscum

239 2919 376 2992 Excutit,
392 2930 421 2979 et
438 2913 528 3000 longe
544 2913 662 2999 lapsum
678 2926 800 2978 temone
815 2913 936 3000 relinqu
951 2933 970 2976 t.
1208 2923 1271 2981 470

239 3021 311 3106 lpsa
326 3016 417 3096 subit,
432 3015 635 3100 manibusque
650 3013 803 3079 undantes
817 3014 914 3081 flectit
929 3015 1078 3097 habenas,

237 3123 360 3188 Cuncta
374 3141 495 3208 gerens,
509 3137 690 3201 vocemque,
706 3131 736 3182 et
750 3139 874 3202 corpus,
888 3131 919 3181 et
934 3139 969 3182 ar
1003 3139 1021 3183 a
1037 3121 1171 3184 ltetlsci.

238 3227 337 3313 Nigra
352 3223 435 3288 velut
450 3243 577 3309 magnas
592 3220 707 3286 domini
721 3241 815 3305 quum
831 3220 934 3284 divitis
948 3220 1034 3286 tedes

238 3327 394 3408 Pervolat,
409 3339 439 3390 et
454 3325 562 3411 pennis
577 3323 640 3388 alta
655 3324 734 3388 atria
750 3321 858 3387 lustrat
874 3320 1016 3403 blundo,

238 3433 360 3500 Pabula
373 3451 471 3518 parva
486 3429 600 3516 legens,
608 3426 756 3512 'nidisque
771 3426 954 3512 loquacibus
969 3449 1078 3508 escas3
1207 3433 1270 3492 475

238 3538 280 3601 Et
294 3557 373 3602 nunc
389 3533 561 3619 porticibus
576 3535 693 3611 vacuis,
705 3553 784 3595 nunc
800 3530 927 3595 humida
941 3531 1059 3596 circum

240 3641 355 3726 Stagna
370 3651 479 3702 sonata
502 3635 607 3700 similis
623 3633 740 3698 medios
754 3634 886 3697 Juturna
900 3653 957 3718 per
972 3634 1076 3698 hostes

240 3743 352 3806 Fertur
366 3743 463 3824 equis,
479 3737 651 3826 rapidoque
667 3735 774 3801 volans
787 3737 855 3800 obit
869 3739 974 3801 omnia
988 3759 1101 3816 curru,

240 3843 372 3928 Jamque
389 3843 440 3906 hic
455 3861 644 3927 germanum,
654 3840 782 3925 jamque
797 3837 860 3918 hic,
874 3851 1007 3903 ostentat
1019 3851 1184 3919 ovantem3

240 3945 308 4010 Nec
324 3945 466 4010 conferre
481 3965 604 4008 manum
618 3942 753 4027 patitur;
774 3940 857 4006 volat
870 3941 943 4006 avia
958 3942 1059 4028 longe.
1206 3949 1268 4007 400

241 4046 339 4110 Haud
355 4045 453 4112 minius
469 4045 586 4110 AEneas
602 4057 697 4108 tortos
713 4044 786 4130 legit
799 4045 911 4108 obvius
925 4045 1029 4124 orbes,
1119 4045 1124 4058 ’

148 4231 151 4242 Ι
241 4148 445 4234 vestigatque
460 4151 569 4226 virum,
584 4158 615 4210 et
628 4144 761 4232 disjecta
776 4167 832 4232 per
846 4147 968 4232 agmina
983 4145 1094 4231 magna
