2978 5124
702 479 818 540 LIBER
837 479 874 540 X.

283 642 390 724 -Quum
405 638 494 726 pellis
509 639 599 704 toties
613 637 707 702 obeat
721 634 914 702 circumdata
933 638 1030 716 tauri,

288 744 436 808 Vibranti
450 742 586 806 medium
601 743 705 826 cuspis
720 740 950 804 transverberat
965 741 1038 818 ictu,

286 847 472 931 Imricaeque
488 867 591 910 moras
606 857 637 909 et
650 855 757 930 peetus
772 843 910 929 perforat
925 845 1044 928 ingens.
1258 846 1319 904 tua

288 947 343 1011 llle
358 952 440 1033 rapit
454 946 590 1012 calidum
606 947 720 1024 frustra
734 944 774 1008 de
788 943 916 1008 vulnere
932 943 1045 1022 telum3

182 1055 186 1068 '
290 1050 360 1114 Unel
374 1051 547 1136 eidemque
562 1050 614 1114 vit
629 1051 753 1136 sanguis
769 1047 948 1134 animusque
968 1059 1147 1132 sequuntur.

288 1154 414 1219 Corruit
429 1155 459 1219 in
474 1153 602 1232 vulnus3
624 1152 754 1216 sonitum
769 1149 863 1235 super
878 1171 965 1214 arma
980 1148 1114 1230 dedere,

287 1259 328 1322 Et
342 1271 456 1324 terram
471 1256 616 1322 hostilem
631 1256 764 1320 moriens
775 1256 851 1340 petit
865 1276 920 1318 ore
934 1269 1074 1320 cruento.

287 1359 389 1446 Quem
403 1361 527 1426 Turnus
542 1381 636 1446 super
651 1362 816 1424 assistens:
1255 1363 1319 1422 490

288 1462 439 1543 Arcades,
454 1463 532 1542 haec,
546 1464 656 1547 inquit,
670 1481 822 1526 memores
838 1481 907 1524 mea
922 1459 1007 1524 dicta
1022 1461 1135 1525 referte

288 1565 451 1630 Evandro:
475 1565 598 1650 qualem
614 1563 725 1628 meruit
741 1562 881 1627 Pallanta
896 1563 1028 1626 remitto.

286 1669 433 1752 Quisquis
449 1667 547 1732 honos
562 1665 680 1746 tumuli,
695 1664 846 1752 quidquid
860 1663 998 1729 solamen
1014 1663 1160 1730 humandi
1178 1677 1234 1746 est,

289 1769 436 1856 Largior:
460 1767 544 1834 haud
561 1768 604 1832 illi
619 1770 744 1832 stabunt
757 1768 866 1832 aneia
881 1788 980 1852 parvo

287 1873 446 1957 Hospitis.
491 1873 530 1936 Et
546 1871 624 1934 laevo
638 1871 752 1958 pressit
766 1872 857 1958 pede,
870 1871 946 1936 talia
960 1873 1052 1953 fatus,
1255 1877 1317 1935 495
1394 1915 1396 1924 ι

288 1974 480 2056 Exanimem,
494 1979 619 2062 rapiens
635 1976 780 2040 immania
795 1975 936 2062 pondera
951 1974 1059 2054 baltei,

288 2078 534 2164 impressumque
549 2080 656 2144 nefast
679 2077 740 2142 und
756 2079 919 2144 subnecte
930 2076 1029 2166 jugali

286 2181 379 2245 Caesa
393 2204 502 2246 manus
512 2183 662 2270 juvenum
676 2183 771 2264 soede,
786 2181 976 2268 thalamique
990 2179 1129 2262 cruenti3

285 2284 363 2365 Quas
379 2284 497 2348 Clonus
511 2285 682 2376 Eurytides
697 2284 792 2350 multo
807 2285 976 2350 caelaverat
991 2305 1084 2350 auro:

284 2386 357 2468 Quo
371 2407 451 2450 nunc
466 2386 590 2452 Turnus
605 2400 678 2452 ovat
692 2388 792 2474 spolio
806 2386 983 2475 gaudetque
997 2389 1127 2474 potitus:
1256 2395 1320 2456 500

287 2489 402 2554 Nescia
417 2512 503 2554 mens
519 2489 676 2558 hominurn
693 2490 746 2555 lati
762 2494 914 2576 sortisque
930 2493 1050 2570 luturae,

286 2591 327 2656 Et
341 2615 467 2658 servare
482 2594 618 2674 modum,
632 2593 726 2658 rebus
741 2593 864 2658 sublata
878 2593 1041 2658 secundis!

284 2695 394 2762 Turno
410 2709 530 2782 tempus
544 2698 612 2777 crit,
626 2719 739 2784 magno
754 2719 847 2782 quum
862 2701 1016 2783 optaverit
1031 2711 1168 2785 emptum

287 2801 437 2865 lntactum
453 2799 603 2881 Pallanta,
619 2813 649 2864 et
664 2821 758 2885 quum
772 2797 872 2885 spolia
887 2799 945 2864 ista
960 2800 1106 2886 diemque

284 2904 407 2970 Oderit.
452 2907 493 2968 At
507 2903 585 2968 socii
598 2903 693 2966 multo
708 2905 824 2990 gemitu
839 2902 1048 2990 lacrymisque
1253 2914 1316 2972 50⁵

286 3007 465 3094 Impositum
480 3019 567 3072 scuto
580 3006 720 3070 referunt
736 3004 877 3070 Pallanta
891 3007 1079 3091 frequentes.

285 3109 419 3176 Odolor
433 3123 526 3196 atque
541 3109 638 3175 decus
652 3127 797 3196 magnum
812 3110 948 3176 rediture
963 3113 1100 3196 parenti!

285 3214 368 3278 Haec
383 3227 413 3277 te
427 3217 529 3300 prima
544 3213 612 3280 dies
627 3212 710 3278 bello
724 3213 822 3294 dedit,
837 3213 904 3278 haec
920 3213 1029 3279 eadem
1044 3217 1154 3296 aufert,

283 3317 387 3401 Quum
401 3331 504 3382 tamen
519 3318 659 3403 ingentes
674 3314 857 3382 Rutulorum
873 3317 985 3402 linquis
1001 3321 1146 3383 acervos!

329 3419 397 3483 Nec
408 3420 474 3505 jam
489 3418 573 3484 fama
588 3417 661 3484 mali
675 3422 763 3500 tanti,
777 3418 834 3484 sed
848 3423 964 3484 certior
979 3431 1089 3484 auctor
1254 3429 1316 3486 610

284 3519 419 3586 Advolat
433 3519 554 3601 AEneae,
569 3525 651 3586 tenui
667 3519 846 3588 discrimine
862 3521 916 3587 leti

284 3621 363 3688 Esse
377 3645 459 3707 suos,
473 3637 594 3710 tempus
607 3627 707 3689 versis
720 3646 903 3690 succurrere
917 3625 1062 3690 Teucris.

285 3725 431 3790 Proxima
446 3747 578 3812 quasque
592 3727 678 3791 metit
691 3727 805 3814 gladio,
820 3728 977 3813 latumque
992 3750 1050 3812 per
1064 3749 1174 3816 agmen
1235 3803 1237 3810 y

283 3827 408 3892 Ardeus
422 3827 551 3894 limitem
565 3832 629 3915 agit
643 3830 745 3912 ferr03
768 3844 807 3910 te,
822 3831 939 3909 Turne,
953 3830 1121 3916 superbum

282 3929 382 3996 Caede
396 3929 476 3996 novel
491 3951 644 4016 quaerens.
689 3931 802 4012 Pallas,
818 3929 974 4010 Evander,
988 3934 1020 3998 in
1035 3932 1109 4018 ipsis
1254 3943 1315 4002 sis

283 4032 396 4097 Omnia
405 4046 479 4098 sunt
493 4032 611 4114 oculis;
632 4055 756 4114 mensa,
771 4054 848 4120 quas
864 4031 987 4098 advena
1000 4037 1118 4120 primas

283 4133 374 4200 tunc
389 4132 477 4216 adiit,
490 4133 673 4220 dextrasque
687 4134 781 4200 date.
825 4133 970 4202 Sulmone
980 4150 1103 4204 creatos
