2992 5102
664 429 822 492 ECLOGA
842 431 878 492 x.
1271 437 1310 492 38

266 586 345 653 Noc
360 583 504 669 lacrymis
519 579 655 647 crudelis
670 580 779 659 Amor,
795 602 854 645 neo
869 580 1005 666 gramina
1020 580 1101 660 rivis,

264 693 345 759 Nec
360 693 456 776 cytiso
472 702 648 753 saturaumr
664 709 749 772 apes,
765 708 825 750 uec
841 684 948 750 froude
966 687 1105 772 capella·
1263 689 1306 750 30

319 796 427 860 Tristis
442 808 474 860 at
488 794 553 872 illc,
577 791 700 856 Tamen
715 791 885 869 cantabitis,
902 791 1052 871 Arcades,
1068 791 1175 877 iuquit,

267 901 429 968 Montibus
445 901 511 966 hac
529 900 657 962 vestris:
680 896 735 961 soli
752 912 876 962 cantare
894 896 982 982 periti

270 1010 427 1074 Arcades.
450 1007 481 1069 Ο
497 1005 571 1068 mihi
585 1019 650 1068 tum
666 1002 758 1089 quim
775 1002 905 1066 molliter
919 1023 988 1066 ossa
1004 1005 1171 1089 quiescant,

269 1112 386 1178 Vestra
402 1133 490 1176 meos
506 1111 578 1174 olim
593 1110 617 1172 si
633 1108 731 1172 fistula
747 1109 831 1172 dicut
844 1110 985 1174 umores!

269 1219 378 1304 Atque
394 1220 511 1281 utinam
528 1237 567 1278 ex
582 1215 668 1278 vobis
683 1235 772 1292 unus,
789 1215 941 1298 vestrique
959 1213 1083 1280 fuissem
1261 1217 1302 1280 35

269 1325 338 1388 Aut
353 1335 456 1386 custos
471 1319 582 1404 gregis,
598 1335 650 1382 aut
664 1334 789 1383 matura
804 1318 914 1382 vinitor
928 1323 1014 1384 uvis!

255 1426 382 1503 ·Certi³‚
398 1428 461 1490 sive
477 1425 551 1488 mihi
567 1423 696 1510 Phyllis,
712 1425 776 1488 sire
792 1439 874 1488 essct
891 1426 1050 1508 Amyntas,

272 1531 341 1596 Seu
358 1530 539 1617 quicumque
557 1529 640 1594 furor
656 1529 744 1616 (quid
760 1543 835 1608 tum,
852 1531 877 1592 si
893 1528 1183 1618 luscusAmyutas?

272 1633 323 1700 Et
331 1637 417 1720 nigra
432 1638 517 1701 viola
533 1649 614 1712 suut,
630 1649 662 1698 et
676 1635 814 1698 vaccinia
829 1632 942 1722 nigra),
1241 1723 1244 1730 Ι

271 1741 401 1809 Mecum
416 1744 493 1806 iuter
509 1741 620 1806 salices
635 1738 718 1804 leutii
732 1740 788 1803 sub
805 1741 864 1803 vite
875 1741 1016 1827 jaceret:
1258 1747 1302 1814 40

271 1847 365 1913 Serta
381 1850 451 1913 mihi
467 1848 587 1934 Phyllis
601 1848 730 1932 legeret,
745 1862 883 1913 cautaret
898 1850 1058 1936 Amyntas.
1158 1892 1162 1908 ·

268 1951 338 2020 Ilio
352 1951 570 2038 gelidi'lontes‚
587 1950 637 2016 hic
653 1951 755 2016 mollia
772 1966 868 2038 prata,
884 1953 1023 2038 Lycori3

270 2057 337 2124 llic
353 2081 483 2125 nemus:
506 2059 556 2124 hic
571 2061 638 2144 ipso
652 2074 754 2124 tecum
771 2081 970 2124 consumerer
981 2081 1056 2124 ovo.
1073 2097 1093 2122 a

315 2165 349 2230 N
351 2188 410 2230 unc
426 2168 550 2229 insonus
566 2185 649 2229 amor
664 2166 731 2230 duri
747 2180 778 2229 te
790 2166 903 2230 Martis
918 2167 948 2229 iu
964 2167 1056 2230 armis

268 2271 355 2337 Tela
371 2273 452 2335 iuter
469 2272 581 2348 media,
597 2279 690 2356 atqua*
701 2274 849 2338 adversos
864 2272 978 2336 detinet
991 2271 1115 2336 hostes:
1258 2281 1301 2340 45

264 2375 322 2441 Tu
341 2375 449 2462 procul
498 2375 594 2461 patrii
609 2374 682 2462 (noc
698 2379 736 2442 sit
751 2377 825 2440 mihi
841 2376 971 2441 credere
986 2390 1101 2442 tautum
1115 2375 1141 2465 l)
1186 2379 1189 2390 “

245 2482 409 2567 'Alpinus¹
425 2481 463 2544 ah
480 2482 575 2546 dura!
599 2483 685 2546 nives
700 2496 732 2546 et
747 2481 858 2567 frigora
875 2481 979 2552 Rheni

265 2585 325 2652 Me
341 2587 405 2651 sine
422 2588 486 2652 sola
500 2588 600 2651 vides.
645 2582 696 2651 'Ah
712 2592 719 2653 !
743 2601 774 2652 te
790 2609 829 2652 ne
846 2587 957 2673 frigora
973 2588 1100 2655 ledaut!

266 2692 341 2758 Ah!
362 2694 416 2759 'tihi
432 2715 470 2758 ne
486 2708 610 2759 teneras
621 2695 737 2780 glacies
753 2709 839 2759 secet
854 2715 963 2780 aspera
979 2696 1114 2781 plautas!

311 2799 380 2881 lbo,
392 2815 436 2878 et,
453 2799 637 2866 Chalcidico
655 2823 721 2887 que
737 2816 806 2866 sunt
822 2802 894 2866 mihi
910 2803 1033 2868 condita
1048 2825 1137 2870 versu
1256 2809 1299 2870 50

265 2903 427 2984 Carmina,
443 2907 571 2991 pastoris
587 2905 684 2972 Siculi
701 2908 880 2972 modulabor
895 2907 1003 2974 aveni.

267 3008 399 3074 Certum
416 3027 462 3074 est
476 3013 507 3075 in
523 3011 615 3089 silvis,
627 3012 705 3076 iuter
721 3013 831 3098 spelaa
846 3011 991 3093 serarum,

264 3113 365 3182 Malle
381 3117 452 3202 pati,
468 3117 643 3200 tenerisque
659 3139 747 3182 meos
762 3119 899 3182 incidere
916 3139 1036 3183 amores

265 3226 459 3291 Arboribus:
482 3241 623 3290 crescent
639 3227 720 3306 illrc3
743 3229 899 3305 crescatis,
916 3247 1047 3292 amores.

268 3328 393 3396 luteres
409 3332 511 3395 mixtis
526 3332 660 3396 lustrabo
675 3329 806 3397 Maeuala
822 3331 985 3419 Nymphis,
1256 3339 1297 3400 55

264 3437 333 3501 Aut
347 3457 435 3502 acres
449 3437 585 3500 venabor
600 3459 714 3523 apr0s3
737 3460 796 3502 uon
813 3461 862 3502 me
880 3441 945 3513 ulla
955 3439 1100 3504 vetabunt

265 3537 398 3626 Frigora
413 3541 596 3606 Parthenios
610 3542 738 3607 canibus
753 3543 944 3608 circumdare
956 3545 1071 3609 saltus:

264 3643 337 3711 Jam
353 3649 426 3713 mihi
442 3667 498 3734 per
513 3671 606 3734 rupes
621 3651 727 3714 videor
742 3651 888 3736 lucosque
905 3666 1046 3716 sonantes

266 3749 340 3830 lre;
362 3753 438 3818 libet
453 3754 569 3819 Partho
585 3753 727 3841 torquere
744 3753 887 3839 Cydonia
902 3775 997 3821 cornu

265 3857 415 3942 Spicula:
439 3873 583 3944 tauquam
600 3859 665 3923 hac
681 3860 739 3924 sint
754 3861 845 3924 nostri
863 3861 1014 3925 medicina
1029 3859 1150 3940 luroris,
1253 3867 1296 3930 60

261 3964 328 4028 Aut
343 3963 422 4028 deus
439 3963 491 4027 illo
508 3963 594 4029 malis
607 3964 762 4028 bominum
779 3965 941 4028 mitescere
957 3965 1075 4031 discut!

257 4065 331 4132 Jam
348 4089 453 4154 oeque
472 4065 709 4153 Hamadryades
724 4089 842 4131 rursum
855 4089 913 4132 uec
929 4071 1063 4136 carmina
1078 4065 1166 4138 uobis

255 4171 329 4263 lpsa
343 4175 497 4263 placeut;
518 4175 602 4258 ipsc,
617 4195 737 4240 rursum
752 4174 923 4252 concedite,
939 4176 1039 4246 silves

577 4282 598 4340 5
