2978 5124
659 535 774 606 trouu
794 545 843 608 xt.
1215 555 1273 610 sss

246 701 338 786 Spem
354 704 381 766 si
397 719 489 782 quam
504 697 630 765 adscitis
646 699 779 766 AEtoldm
795 700 944 766 habuistis
961 700 988 764 in
1005 702 1106 782 armis,

246 803 373 884 Ponite;
395 825 466 888 spes
481 803 540 867 sibi
556 805 704 888 quisques
726 804 780 868 sed
797 805 865 869 haec
880 805 972 890 quium
987 815 1115 892 angusta
1128 803 1259 870 vidctis!

245 905 371 970 Caetera
386 903 448 990 quit
461 925 564 969 rerum
574 906 700 992 jaceant
714 905 856 992 perculsa
871 905 969 986 ruinai,
1209 915 1272 972 310

245 1011 324 1072 Ante
340 1007 445 1072 oculos
461 1009 601 1093 interque
616 1031 722 1078 manus
737 1023 805 1072 sunt
819 1009 921 1073 omnia
936 1021 1066 1074 vestras.

245 1111 312 1176 Nec
328 1133 514 1199 quemquam
529 1115 655 1176 incuso:
677 1116 775 1199 potuit
790 1133 859 1197 quae
873 1110 1006 1198 plurima
1020 1111 1116 1176 virtus

148 1273 156 1288 ,
245 1213 332 1293 Esse,
347 1214 422 1293 fuit3
444 1227 507 1277 toto
521 1227 672 1278 certatum
688 1228 733 1278 est
748 1235 880 1300 corpore
894 1217 993 1300 regni.

245 1316 335 1381 Nunc
351 1315 440 1395 adeo,
456 1337 523 1400 quae
539 1319 577 1378 sit
592 1315 695 1380 dubias
711 1320 861 1381 sententia
872 1315 975 1396 menti,

244 1417 438 1503 Expediam3
460 1431 491 1480 et
505 1421 622 1502 paucis,
637 1419 754 1482 animos
768 1419 924 1500 adhibete,
939 1416 1071 1483 docebo.

244 1521 300 1584 Est
314 1533 456 1605 anttquus
472 1541 546 1605 ager
560 1520 664 1584 Tusco
679 1521 752 1584 mihi
768 1526 924 1606 proximus
940 1521 1031 1602 amni,

244 1621 369 1708 Longus
385 1625 415 1686 in
430 1642 583 1702 occasum,
599 1622 674 1687 lines
689 1645 890 1708 superosque
906 1625 1051 1688 Sicanos:

245 1723 384 1787 Aurunci
400 1721 565 1808 Rutulique
581 1736 694 1812 serunt,
709 1738 739 1787 et
753 1747 877 1788 vomere
892 1723 985 1788 duros

245 1823 403 1890 Exercent
417 1825 523 1907 colles,
538 1841 629 1910 atque
645 1826 753 1890 horum
770 1830 940 1913 asperrima
954 1839 1096 1912 pascunt.

246 1927 326 1990 Haec
342 1931 441 1992 omnis
454 1930 549 2016 regio,
564 1943 594 1992 et
608 1928 682 1994 celsi
697 1929 788 2016 plaga
803 1930 894 2014 pinea
909 1929 1029 2010 montis,

245 2027 348 2092 Cedat
362 2032 506 2093 amicitiae
522 2031 734 2110 Teucrorum3
757 2044 785 2094 et
801 2029 926 2094 soederis
941 2050 1047 2116 aequas

242 2127 392 2194 Dicamus
407 2129 499 2216 leges,
513 2135 674 2217 sociosque
689 2135 720 2196 in
735 2153 829 2218 regna
843 2152 1006 2197 vocemus:

245 2229 426 2313 Considunt,
440 2236 466 2296 si
481 2247 580 2297 tantus
594 2255 690 2315 amor,
705 2246 734 2297 et
749 2234 862 2298 muenia
875 2231 1022 2296 condant.

245 2333 297 2396 Sin
313 2331 390 2397 alios
404 2334 479 2398 fines
494 2332 648 2418 aliamque
663 2355 827 2420 capessere
841 2345 963 2419 gentem
979 2417 982 2426 Ι

245 2433 300 2498 Est
315 2435 442 2516 animus,
456 2450 647 2522 poscuntque
662 2436 727 2502 solo
742 2435 897 2502 decedere
911 2439 1036 2516 nostro;

245 2535 298 2600 Bis
312 2536 410 2602 denas
425 2538 502 2602 ltalo
517 2551 655 2603 texamus
670 2539 782 2604 robore
796 2561 900 2624 naves,
969 2536 972 2544 ’
1023 2531 1025 2536 ’

245 2640 303 2703 Seu
319 2639 423 2726 plures
437 2639 594 2726 complere
608 2641 732 2706 valent:
750 2643 835 2729 jacet
850 2645 947 2706 omnis
962 2641 1002 2707 ad
1018 2640 1132 2708 undam

245 2741 413 2822 Materies3
434 2743 492 2829 ipsi
508 2765 728 2829 numerumque
743 2743 927 2829 modumque
942 2744 1057 2810 carinis

244 2843 449 2930 Praecipiant3
469 2867 526 2910 nos
540 2867 612 2926 aera,
626 2867 744 2926 monus,
758 2849 882 2913 navalia
895 2847 1014 2912 demus.

247 2947 412 3029 Praeterea,
427 2952 479 3034 qui
495 2948 577 3013 dicta
592 2951 693 3015 ferant
707 2965 737 3015 et
751 2951 869 3015 ioedera
884 2951 1015 3030 firment,

245 3047 376 3114 Genuum
390 3065 528 3116 oratores
544 3051 644 3136 primia
659 3050 698 3117 de
712 3067 802 3140 gente
817 3053 945 3119 Latinos

245 3150 292 3214 lre
308 3151 421 3237 placet,
434 3154 582 3238 pacisque
596 3175 687 3218 manu
702 3153 895 3240 praetendere
909 3177 1031 3238 ramos3

185 3247 188 3252 ’
245 3253 376 3318 Munera
390 3267 547 3341 portantes
563 3259 691 3342 aurique
707 3257 872 3344 eborisque
887 3259 1010 3340 talenta,

244 3353 284 3417 Et
298 3354 406 3420 sellam
419 3361 507 3444 regni
523 3359 725 3442 trabeamque
739 3361 869 3446 insignia
884 3363 989 3426 nostri.

244 3455 403 3522 Consulite
418 3463 448 3522 in
463 3460 606 3544 medium,
622 3477 651 3526 et
665 3464 758 3528 rebus
773 3465 943 3528 succurrite
957 3463 1057 3528 sessis.

286 3559 367 3626 'tum
381 3559 523 3626 Drances
539 3563 620 3628 idem
631 3565 776 3646 infensus,
791 3588 882 3652 quern
896 3564 994 3654 gloria
1008 3563 1107 3628 Turni

244 3657 380 3746 Obliquti
394 3661 508 3728 invidia
522 3667 711 3753 stimulisque
725 3670 863 3756 agitabat
877 3666 999 3747 amaris,

246 3759 363 3848 Largus
378 3784 480 3848 opum,
495 3779 525 3831 et
539 3765 642 3854 lingua
657 3771 775 3852 melior,
790 3770 844 3836 sed
861 3769 974 3856 frigida
987 3765 1073 3832 bello

243 3861 394 3946 Dextera,
409 3868 544 3933 consiliis
560 3871 684 3936 habitus
699 3897 759 3938 non
774 3873 867 3938 sutilis
883 3886 999 3954 auctor,

246 3965 402 4033 Seditione
417 3983 525 4054 potens
540 3998 549 4052 3
568 3995 662 4059 genus
677 3975 748 4040 huic
763 3988 902 4040 materna
917 3975 1083 4062 superbum

243 4067 396 4135 Nobilitas
410 4071 517 4154 dabat,
530 4075 678 4142 incertum
693 4078 733 4141 de
748 4091 836 4164 patre
851 4077 1011 4158 ferebant,
1067 4115 1071 4122 ·

123 4259 136 4276 ἢ
244 4173 345 4264 Surgit
360 4195 390 4244 et
405 4175 453 4246 his
466 4195 576 4248 onerat
589 4183 690 4265 dictis,
704 4199 796 4270 atque
810 4197 936 4273 aggerat
949 4187 1032 4248 iras:
