2992 5102
647 509 804 572 ECLOGA
824 509 872 570 vl.

588 861 827 941 ECLOGA
853 861 930 943 VI.

682 1153 832 1202 SILENUS.

268 1287 379 1352 Prurm
395 1287 563 1374 Syracosio
576 1290 700 1372 dignata
715 1303 762 1352 est
777 1288 882 1352 ludere
896 1309 987 1352 rersu

268 1393 393 1471 Nostra,
409 1412 510 1480 neque
527 1395 644 1459 erubuit
660 1395 750 1460 silvas
764 1395 909 1470 habitare,
926 1392 1049 1460 Thalia.

269 1496 376 1571 Quum
391 1519 537 1562 canerem
553 1521 640 1582 reges
651 1514 683 1562 et
697 1498 815 1583 proelia,
832 1495 983 1590 Cynthius
999 1520 1102 1563 aurem

268 1600 374 1682 Vellit,
389 1618 420 1668 et
435 1603 612 1668 admonuit:
635 1607 656 1638 “
668 1603 838 1682 Pastorem,
854 1603 974 1687 Tityre,
991 1605 1118 1689 pingues

272 1713 294 1742 “
306 1707 436 1772 Parcere
451 1723 573 1793 oportet
587 1730 672 1787 oves,
688 1709 854 1772 deductum
871 1708 974 1772 dicere
990 1707 1146 1772 carmen.”
1271 1715 1291 1774 d

272 1811 367 1874 Nunc
382 1834 436 1898 ego
452 1811 602 1898 (namque
615 1831 707 1898 super
718 1813 770 1876 tibi
786 1827 873 1876 erunt
890 1814 939 1895 qui
956 1815 1059 1878 dicere
1075 1814 1193 1894 laudes,

270 1913 366 1994 Vere,
382 1933 446 1982 tuas
455 1921 590 2003 cupiant,
607 1933 637 1982 et
654 1920 747 1984 tristia
761 1919 895 1982 condere
910 1917 1006 2006 belle)

270 2023 432 2108 Agrestem
447 2026 530 2088 tenui
545 2024 716 2088 meditabor
731 2023 877 2086 arundine
890 2044 1018 2088 musam.

269 2125 342 2190 Non
359 2126 470 2213 injussa
484 2150 573 2192 cano.
621 2126 653 2191 Si
670 2128 736 2212 quis
752 2142 853 2191 tamen
869 2127 934 2191 hec
952 2147 1084 2212 qnoque,
1099 2129 1123 2192 si
1139 2129 1204 2211 quis

267 2226 391 2316 Captus
407 2253 511 2298 amore
526 2233 618 2318 leget,
632 2245 661 2296 te
677 2247 795 2308 nostrae,
810 2229 908 2310 Vere,
923 2233 1057 2314 myrice,
1252 2237 1292 2294 10

264 2333 319 2399 Te
336 2357 448 2399 nemus
463 2357 552 2400 omne
568 2349 678 2402 canet:
698 2359 755 2403 nec
771 2336 893 2402 Phoebo
908 2337 1019 2422 gratior
1034 2337 1094 2403 ulla
1110 2351 1156 2402 est

265 2438 377 2516 Quam
395 2440 449 2503 sibi
466 2462 528 2524 que
545 2439 617 2506 Vari
631 2444 813 2528 prescripsit
827 2444 1070 2527 paginanomen.

312 2546 448 2631 Pergite,
463 2547 613 2612 Pierides.
651 2547 796 2613 Chromis
812 2563 842 2614 et
857 2549 1013 2634 Mnasylus
1028 2553 1058 2615 in
1074 2565 1157 2616 antro

267 2651 407 2715 Silenum
419 2654 505 2736 pueri
521 2674 626 2718 somno
641 2651 746 2716 videre
758 2654 925 2739 jacentem,

265 2755 408 2820 Inflatum
423 2757 564 2820 hesterno
580 2777 684 2836 venas,
697 2772 730 2820 nt
746 2779 877 2842 semper,
892 2759 1027 2828 laccho:
1249 2767 1286 2824 15

265 2860 360 2924 Serta
375 2863 479 2945 procul
494 2861 608 2926 tantum
624 2864 716 2947 capiti
730 2864 855 2948 delapsa
862 2864 1017 2949 jacebant,

264 2961 313 3027 Et
328 2967 423 3048 gravis
438 2965 537 3030 attriti
553 2969 705 3052 pendebat
720 2969 882 3033 cantharus
898 2968 981 3034 ansi.

262 3069 410 3154 Aggressi
423 3069 505 3153 (nam
517 3071 597 3156 sepe
614 3093 710 3138 senex
726 3095 781 3157 spe
794 3074 935 3138 carminis
950 3074 1039 3140 ambo

264 3175 413 3259 Luserat)
429 3175 563 3262 injiciunt
577 3180 650 3264 ipsis
665 3202 706 3244 ex
721 3180 840 3245 vincula
864 3181 961 3246 sertis.

262 3288 365 3354 Addit
378 3309 411 3352 se
427 3289 552 3366 sociam,
567 3287 741 3373 timidisque
757 3289 930 3371 supervenit
944 3289 1046 3374 AEgle,
1243 3290 1286 3348 20

262 3393 371 3476 AEgle,
386 3391 538 3458 Naiadum
552 3391 778 3477 pulcherrima3
795 3392 921 3478 jamque
936 3395 1049 3458 videnti

263 3499 448 3581 Sanguineis
470 3499 597 3562 frontem
616 3498 706 3561 moris
722 3511 752 3560 et
768 3512 904 3583 tempora
920 3497 1023 3582 pingit.

260 3603 320 3668 Ille
337 3605 441 3667 dolum
457 3602 567 3679 ridens,
583 3601 657 3676 Qud
673 3603 791 3668 vincula
812 3602 955 3666 nectitis?
979 3602 1095 3685 inquit:

264 3711 382 3774 Solvite
399 3731 460 3785 me,
475 3707 582 3790 pneri3
605 3706 675 3770 satis
690 3720 737 3771 est
751 3708 883 3792 potuisse
899 3707 1007 3770 videri.

261 3814 422 3890 Carmina,
438 3836 503 3898 que
519 3813 617 3889 rolris,
633 3813 830 3896 cognoscite:
851 3813 987 3878 carmina
1001 3812 1108 3892 vobis3
1239 3819 1281 3876 25

255 3921 346 3988 Huic
362 3922 443 3984 eliud
460 3920 611 3984 mercedis
626 3919 692 3984 erit.
717 3917 814 3982 Simul
830 3919 933 4002 incipit
944 3919 1020 4002 ipse.

253 4028 346 4094 Tum
358 4025 434 4088 vend
446 4026 474 4089 iu
486 4045 645 4088 numerum
659 4021 841 4107 Faunosque
858 4024 998 4107 serasque
1010 4023 1129 4087 videres

249 4133 401 4208 Ludere,
417 4144 480 4192 tum
496 4129 606 4212 rigidas
620 4144 734 4192 motare
750 4128 909 4192 cacumina
925 4147 1054 4211 quercus
1069 4148 1077 4188 :

245 4237 326 4305 Nec
345 4233 464 4300 tentum
481 4231 600 4298 Phoebo
615 4235 726 4318 gaudet
742 4231 903 4298 Pamassin
917 4254 1018 4318 rupes,
