2936 5122
647 483 763 549 Lllillll
782 484 847 548 ΧΠ.

244 640 390 725 Quinque
404 637 499 704 orbes
513 635 641 724 explent
654 658 758 718 cursu,
773 635 962 722 totidemque
977 648 1121 704 retexunt

244 747 331 826 Huc,
346 746 440 825 illue;
461 766 563 829 neque
580 747 661 808 enim
677 742 761 808 levia
776 757 829 808 aut
845 743 964 808 ludicra
980 756 1124 830 petuntur

245 847 390 928 Pramta,
404 844 460 912 sed
477 847 577 915 Turni
593 845 632 912 de
648 845 711 910 viti
728 859 759 912 et
773 849 921 932 sanguine
937 841 1068 910 certant.
1219 853 1278 914 765

286 951 382 1016 Forte
397 973 488 1019 sacer
507 951 612 1016 Fauno
626 950 709 1014 loliis
724 949 859 1020 oleaster
874 952 990 1014 amaris

245 1055 313 1118 Hic
328 1069 467 1136 steterat,
481 1059 582 1124 nautis
595 1055 671 1120 olim
688 1054 867 1122 venerabile
883 1058 1023 1140 signum,

246 1160 369 1224 Servati
384 1183 423 1226 ex
440 1161 531 1228 undis
546 1162 600 1226 ubi
616 1161 710 1245 figere
725 1159 808 1224 dona
823 1159 965 1222 solebant

246 1260 396 1328 Laurenti
411 1263 494 1344 divo,
510 1278 542 1328 et
556 1277 644 1328 votas
659 1262 850 1348 suspendere
865 1275 985 1326 vestes:

163 1368 167 1376 '
246 1364 309 1430 Sed
325 1367 452 1452 stirpem
466 1368 592 1446 Teucri,
607 1367 691 1430 nullo
706 1367 896 1444 discrimine,
911 1386 1034 1430 sacrum
1221 1371 1282 1430 770

248 1467 451 1548 Sustulerant,
463 1493 541 1555 puro
555 1485 588 1534 ut
603 1484 727 1554 possent
743 1489 930 1534 concurrere
945 1490 1069 1556 campo.

248 1570 316 1634 Hic
333 1571 420 1636 hasta
435 1570 544 1637 AEnee
560 1573 683 1652 stabat3
705 1573 766 1634 huc
783 1574 913 1656 impetus
929 1569 1014 1636 illam

248 1677 413 1746 Detulerat
428 1681 533 1760 fixam,
547 1695 578 1746 et
593 1680 676 1746 lenti
692 1684 723 1744 in
737 1680 845 1747 radice
861 1680 998 1744 tenebat.

250 1783 404 1864 incubuit,
421 1785 578 1870 voluitque
593 1807 685 1850 manu
700 1783 877 1848 convellere
893 1784 1008 1846 serrum

249 1871 460 1967 Dardanides,
475 1887 599 1972 teloque
615 1888 703 1973 sequi
718 1909 810 1971 quem
830 1888 984 1971 prendere
999 1907 1092 1950 cursu
1221 1894 1282 1954 775

249 1989 320 2056 Non
335 2005 467 2076 poterat.
512 1993 593 2058 Tum
608 1992 685 2056 verb
700 2013 806 2056 amens
821 1990 986 2054 formidine
1002 1991 1134 2072 Turnus,

249 2093 367 2176 Fauna,
381 2119 503 2181 precor,
518 2098 676 2178 miserere,
690 2099 800 2180 inquit,
816 2109 909 2180 tuque
924 2097 1041 2180 optima
1055 2097 1171 2160 ferrum

250 2199 353 2264 Terra
368 2213 448 2280 tene,
463 2199 545 2264 colui
560 2213 680 2266 vestros
694 2203 721 2264 si
736 2221 860 2284 semper
875 2198 1018 2277 honores,

250 2301 336 2383 Quos
350 2303 458 2366 contri
473 2299 626 2368 AEneadse
641 2300 727 2366 bello
740 2299 847 2366 iecere
861 2301 1019 2386 profanos.

249 2404 352 2485 Dixit,
367 2425 520 2490 opemque
535 2405 588 2470 dei
602 2427 664 2470 non
677 2425 769 2468 cassa
784 2406 815 2468 in
832 2415 903 2468 vota
918 2402 1051 2466 vocavit.
1225 2409 1285 2480 780

251 2507 395 2595 Namque
410 2508 464 2574 diu
483 2509 613 2588 luctans,
628 2509 773 2591 lentoque
789 2509 820 2572 in
835 2509 931 2592 stirpe
947 2519 1091 2585 moratus,

252 2611 384 2678 Viribus
400 2612 482 2678 haud
498 2613 571 2680 ullis
585 2612 683 2678 valuit
696 2611 875 2678 discludere
890 2632 1010 2676 morsus

254 2713 390 2780 Roboris
405 2715 531 2782 AEneas.
575 2716 660 2780 Dum
675 2717 779 2780 nititur
795 2737 878 2796 acer,
894 2733 925 2780 et
938 2718 1039 2796 instat,

253 2817 373 2882 Rursus
388 2822 419 2883 in
435 2822 552 2906 auriga
566 2820 681 2884 faciem
695 2831 811 2884 mutata
826 2820 950 2884 Metisci

254 2921 422 3002 Procurrit,
436 2922 586 3005 fratrique
601 2943 707 2986 ensem
721 2921 783 2986 dea
798 2921 922 2986 Daunia
937 2921 1053 2988 reddit.
1226 2934 1289 2993 785

254 3025 346 3108 Quod
364 3027 472 3090 Venus
488 3025 601 3092 audaci
617 3027 644 3090 N
646 3026 775 3111 ympltae
790 3025 951 3114 indignata
967 3027 1073 3109 licere,

254 3131 406 3208 Accessit,
421 3128 576 3212 telumque
592 3127 656 3194 atta
669 3129 712 3194 ab
726 3128 834 3196 radice
849 3129 982 3194 revellit.

255 3230 318 3296 Olli
333 3230 491 3310 sublimes,
506 3232 601 3296 armis
617 3232 787 3315 animisque
802 3235 924 3313 relecti,

256 3333 321 3398 Hic
336 3334 441 3421 gladio
456 3333 565 3414 fidens,
580 3335 631 3400 ltic
647 3356 722 3402 acer
736 3350 767 3400 et
782 3336 897 3402 arduus
912 3335 1010 3415 hasti,

255 3436 417 3501 Adsistunt
431 3438 550 3518 contri,
563 3441 734 3504 certamine
750 3440 861 3506 Martis
876 3439 992 3526 anheli.
1229 3449 1290 3510 790

297 3541 451 3605 iunonem
466 3541 586 3606 interea
599 3563 657 3606 rex
672 3545 890 3627 omnipotentis
905 3541 1035 3626 Olympi

257 3641 443 3728 Alloquitur,
457 3642 541 3708 sulvai
556 3665 675 3732 pugnas
690 3645 730 3711 de
746 3648 829 3712 nube
844 3659 992 3712 tuentem.

257 3747 334 3828 Qum
345 3749 413 3834 jam
426 3749 496 3813 linis
510 3751 581 3828 erit,
594 3751 730 3836 conjux?
753 3750 829 3834 quid
844 3751 979 3834 denique
996 3755 1112 3814 restat?

258 3849 427 3934 Indigetem
443 3849 562 3916 AEnean
577 3851 638 3916 scis
653 3852 730 3938 ipsa,
745 3868 775 3917 et
790 3855 870 3916 scire
885 3853 1003 3932 lateris,

258 3949 378 4014 Deberi
392 3953 483 4032 coelo,
497 3955 631 4039 satisque
646 3953 687 4018 ad
701 3953 805 4020 sidera
821 3953 899 4020 tolli.
1230 3969 1291 4030 795

259 4053 343 4134 Quid
358 4058 469 4122 struisl
492 4071 544 4122 aut
560 4057 621 4143 quei
637 4081 693 4143 spe
708 4056 817 4144 gelidis
832 4059 862 4122 in
877 4059 1013 4125 nubibus
1028 4058 1150 4128 hares?

262 4155 416 4224 Mortalin’
431 4160 535 4224 decuit
551 4159 661 4226 violari
678 4159 805 4226 vulnere
820 4159 925 4228 divum
940 4166 953 4224 7
