2978 5124
711 513 828 576 LIBER
841 515 877 576 X.

291 679 407 746 Oratur
417 675 538 764 juveni,
552 693 664 760 meque
679 672 740 740 hoc
755 677 799 740 ita
813 695 931 760 ponere
946 677 1059 756 sentis;

291 781 382 847 Tolle
397 781 471 870 iugi
485 779 636 858 Turnum,
651 790 744 864 atque
759 777 943 842 instantibus
959 779 1045 864 eripe
1060 777 1150 842 satis:

290 883 454 950 Hactenus
469 881 632 948 indulsisse
643 891 746 945 vacat.
791 881 845 944 Sin
860 879 951 944 altior
965 880 1030 944 istis

290 987 356 1079 Suh
370 985 519 1073 precibus
533 986 626 1050 venie
641 983 705 1050 ulla
720 983 804 1064 latet,
818 995 976 1070 totumque
990 984 1109 1050 moveri

290 1090 447 1154 Mutarive
462 1100 554 1174 putas
570 1084 706 1168 hellum3
728 1107 799 1174 spes
813 1087 918 1174 pascis
932 1088 1052 1152 inanes.

289 1193 329 1257 Et
344 1192 427 1256 luno
442 1187 682 1276 adlacrymens:
705 1189 789 1272 Quid
805 1189 938 1275 siquod
955 1211 1031 1256 voce
1046 1195 1200 1278 gravaris,

289 1296 397 1360 Mente
412 1294 523 1374 dares3
545 1305 639 1376 atque
656 1293 722 1358 haec
738 1293 846 1358 Turno
862 1295 931 1358 ra'ta
945 1294 1010 1358 vita
1025 1299 1186 1360 maneret?

287 1397 379 1464 Nunc
395 1409 500 1462 manet
513 1397 666 1460 insontem
680 1399 787 1484 gravis
803 1397 914 1476 exitus,
928 1409 981 1461 aut
996 1419 1054 1483 ego
1068 1399 1136 1464 veri

287 1501 383 1566 Vana
399 1502 500 1565 seror:
524 1495 609 1583 quod
624 1511 656 1562 ut
671 1520 690 1562 o
705 1496 806 1584 potitis
821 1497 987 1564 tormidine
1002 1498 1081 1564 lalsai

286 1603 416 1684 Ludar;
438 1615 469 1667 et
483 1606 515 1666 in
530 1600 639 1666 melius
654 1612 716 1682 tua,
732 1602 783 1688 qui
798 1617 896 1688 potes,
911 1622 983 1668 orsa
997 1602 1157 1668 reflectas!

330 1709 413 1772 Haec
429 1705 482 1770 ubi
498 1703 582 1769 dicta
599 1703 698 1788 dedit,
713 1705 794 1770 coelo
808 1727 842 1770 se
857 1717 1005 1793 protenus
1021 1705 1084 1770 alto

288 1810 385 1888 Misit,
400 1829 496 1896 agens
512 1808 657 1890 hiemem,
671 1809 779 1873 nimbo
793 1812 954 1874 succincta
970 1829 1029 1895 per
1044 1829 1157 1876 auras:

290 1917 481 2002 Iliacamque
496 1917 599 1998 aciem
613 1928 644 1979 et
658 1914 828 1980 Laurentia
843 1928 947 1980 castra
961 1917 1082 2002 petivit.

286 2019 369 2085 Tum
383 2019 445 2084 dea
459 2018 541 2083 nube
557 2017 635 2082 cavia
651 2031 774 2082 tenuem
789 2021 857 2082 sine
872 2018 991 2082 viribus
1006 2016 1149 2084 umbram

289 2121 452 2188 infaciem
467 2119 573 2184 AEneae
588 2119 676 2202 (visu
691 2120 835 2184 mirabile
851 2123 1038 2205 monstrum)

286 2225 458 2291 Dardaniis
470 2237 559 2288 ornat
574 2224 661 2304 telis3
683 2223 893 2312 clypeumque
904 2224 1062 2310 jubasque

175 2400 181 2413 ¹
287 2329 396 2394 Divini
411 2326 571 2392 assimulat
585 2329 717 2415 capitis3
740 2327 795 2393 dat
810 2329 915 2398 inania
928 2327 1048 2408 verba;

284 2431 351 2498 Dat
364 2434 432 2495 sine
447 2441 550 2493 mente
565 2451 683 2509 sonum,
698 2449 885 2516 gressusque
901 2429 1016 2518 effingit
1026 2432 1157 2496 euntiss'

288 2537 389 2602 Morte
404 2532 490 2597 obita
506 2532 614 2616 quales
629 2533 714 2600 lama
729 2549 775 2600 est
789 2535 921 2600 volitare
935 2536 1061 2622 figuras,

288 2643 350 2705 Aut
364 2657 434 2722 quae
449 2639 566 2721 sopitos
581 2635 730 2702 deludunt
744 2640 864 2704 somnia
879 2661 997 2704 sensus.

287 2744 328 2806 At
339 2747 456 2830 primas
471 2743 544 2809 laeta
557 2755 629 2808 ante
644 2741 728 2806 acies
743 2741 878 2808 exsultat
891 2745 1005 2828 imago,

287 2846 452 2931 irritatque
466 2850 569 2912 virum
584 2845 663 2926 telis,
678 2858 709 2908 et
723 2839 802 2909 voce
818 2843 953 2910 lacessit.

287 2948 383 3016 lnstat
397 2955 448 3015 cui
463 2951 597 3030 Turnus,
612 2948 855 3036 stridentemque
871 2953 991 3015 eminus
1010 2949 1132 3018 hastam

287 3051 439 3139 Conjicit3
461 3050 516 3116 illa
530 3051 605 3116 dato
620 3055 714 3116 vertit
727 3054 859 3138 vestigia
874 3067 971 3138 tergo.

288 3153 368 3220 Tum
382 3154 460 3220 verd
477 3153 595 3220 AEnean
611 3175 754 3219 aversum
769 3168 803 3219 ut
816 3154 930 3220 cedere
945 3156 1071 3222 Turnus

286 3255 439 3339 Credidit,
454 3270 547 3342 atque
562 3260 666 3324 animo
681 3279 768 3346 spem
784 3258 927 3324 turbidus
942 3257 1046 3324 hausit
1060 3261 1201 3328 inanem:

286 3363 355 3447 Qud
369 3367 460 3453 fugis,
473 3361 598 3430 AEneai
619 3363 773 3430 thalamos
787 3387 827 3431 ne
842 3365 952 3431 desere
966 3379 1094 3452 pactos:

287 3469 358 3546 Hac
373 3469 501 3536 dabitur
514 3467 628 3536 dextris
643 3469 733 3535 tellus
748 3473 879 3554 quesita
893 3493 951 3558 per
966 3469 1077 3536 undas.

286 3571 375 3638 Talia
390 3573 565 3638 vociferans
579 3573 727 3658 sequitur,
742 3573 942 3658 strictumque
957 3586 1100 3638 coruscat

287 3679 478 3762 Macronem,
491 3701 550 3748 nec
566 3681 649 3746 ferre
664 3680 751 3749 videt
765 3704 821 3748 sua
834 3680 951 3770 gaudia
966 3694 1085 3746 ventos.

331 3781 425 3847 Forte
439 3786 525 3863 ratis,
539 3781 616 3848 celsi
630 3786 795 3872 conjuncta
810 3783 973 3869 crepidine
987 3783 1065 3864 saxi,

286 3881 445 3970 Expositis
459 3885 563 3951 stabat
577 3885 671 3952 scalis
686 3901 716 3952 et
730 3899 824 3976 ponte
838 3899 959 3971 parato,

284 3985 354 4068 Qui
368 4009 426 4052 rex
440 3985 578 4064 Clusinis
592 3987 742 4056 advectus
757 3989 883 4054 Osinius
897 3991 971 4054 oris.

285 4085 361 4152 Huc
374 4109 442 4154 sese
457 4089 580 4177 trepida
593 4087 704 4157 AEneae
719 4092 863 4180 fugientis
877 4094 982 4180 imago

285 4187 421 4274 Gonjicit
434 4195 467 4258 in
481 4192 639 4274 latebram
661 4217 719 4260 nec
734 4193 860 4262 Turnus
874 4195 998 4284 segnior
1013 4195 1115 4278 instat,
