2978 5124
170 475 230 532 294
615 473 804 537 AEle‘lDOS

254 629 336 694 Haec
351 651 445 715 super
459 652 477 694 e
492 630 575 696 vallo
589 643 789 718 prospectant
803 631 915 714 Troes,
929 647 961 702 et
975 633 1070 703 anu

212 730 284 796 Alta
300 745 424 810 tenent,
446 753 503 796 nec
519 755 581 798 oon
597 731 711 818 trepidi
726 733 891 820 formidine
905 749 1013 821 portas

212 833 397 918 Explorant,
412 847 582 920 pontesque
597 847 628 900 et
641 835 875 922 propugnacula
884 838 1027 924 jungunt,
1190 848 1251 908 170

210 935 290 1000 Tela
305 949 425 1024 gerunt.
471 937 587 1002 Instant
602 937 784 1002 Mnestheus
797 959 934 1025 acerque
949 942 1102 1022 Serestus,

210 1039 297 1122 Quos
311 1052 401 1125 pater
414 1036 543 1119 AEneas,
558 1043 585 1104 si
600 1039 724 1124 quando
740 1039 874 1106 adversa
889 1056 1050 1124 vocarent,

210 1140 363 1208 Rectores
373 1145 524 1230 juvenum
540 1157 571 1206 et
584 1165 689 1209 rerum
703 1141 792 1210 dedit
806 1166 874 1212 esse
889 1151 1066 1233 magistros.

209 1243 319 1308 Omnis
334 1266 390 1330 per
406 1265 509 1308 muros
523 1243 604 1330 legio
619 1245 727 1310 sortita
740 1245 893 1331 periclum

210 1346 366 1429 Excubat,
380 1360 569 1434 exercetque
585 1349 679 1430 vices,
694 1348 778 1435 quod
792 1353 905 1436 cuique
921 1350 1069 1416 tuendum
1084 1364 1141 1416 est.
1186 1357 1246 1420 1⁷5

252 1450 345 1514 Nisus
360 1464 427 1516 erat
441 1465 539 1537 portae
553 1464 667 1531 custos,
682 1455 853 1518 acerrimus
868 1457 974 1536 armis,

208 1553 424 1640 Hyrtacides3
446 1558 590 1620 comitem
609 1553 712 1622 AEneae
728 1575 822 1640 quem
835 1557 963 1622 miserat
979 1555 1035 1622 lda

207 1655 375 1736 venatrix,
385 1655 493 1743 jaculo
507 1657 644 1722 celerem
659 1657 842 1743 levibusque
857 1659 995 1746 sagittisz

208 1759 249 1826 Et
259 1760 349 1847 juxta
364 1781 468 1826 comes
485 1758 652 1846 Euryalus,
668 1781 729 1844 quo
743 1759 905 1846 pulchrior
919 1760 999 1829 alter

207 1859 279 1932 Non
293 1864 349 1927 fuit
363 1859 553 1943 AEneaddm,
567 1861 706 1949 Trojano
721 1877 823 1950 neque
838 1861 939 1930 induit
954 1886 1061 1946 arma3
1185 1857 1248 1932 180‘

206 1966 272 2032 Ora
286 1988 364 2053 puer
377 1966 479 2052 prima
493 1969 617 2053 signans
633 1967 753 2032 intonsa
762 1966 904 2053 juventh.

205 2070 269 2135 His
283 2091 370 2136 amor
384 2091 462 2134 unus
477 2083 555 2150 crat,
569 2071 749 2154 pariterque
764 2073 796 2136 in
812 2069 896 2134 bella
910 2069 1064 2152 ruebant3

205 2175 286 2240 Tum
302 2195 425 2260 quoque
440 2171 596 2238 communi
610 2185 733 2257 portam
747 2172 878 2238 statione
894 2173 1053 2239 tenebant.

204 2275 299 2342 Nisus
314 2279 378 2341 alt:
401 2273 486 2340 Dine
501 2272 584 2338 hunc
600 2273 746 2338 ardorem
762 2275 918 2341 mentibus
933 2273 1061 2354 addunt,

202 2377 366 2465 Euryale?
388 2398 427 2442 an
443 2399 499 2441 sua
512 2379 626 2462 cuique
641 2374 719 2440 deus
733 2375 768 2440 fit
781 2374 852 2441 dira
866 2375 982 2461 cupido
994 2381 1006 2440 l
1180 2387 1240 2444 185

201 2486 264 2548 Ant
278 2501 423 2569 pugnam,
438 2492 492 2546 aut
505 2477 625 2566 aliquid
635 2481 703 2565 jam
718 2477 835 2544 dudum
851 2479 1002 2548 invadere
1017 2503 1173 2570 magnum,

201 2587 293 2651 Mens
307 2586 403 2672 agitat
417 2583 514 2664 mihi;
536 2605 594 2648 nec
609 2583 735 2668 placidi
748 2595 895 2650 contenta
910 2589 1014 2670 quiete
1030 2601 1087 2650 est.

201 2687 323 2768 Cernis,
338 2707 405 2772 qun
420 2685 552 2752 Rutulos
568 2685 683 2752 habeat
698 2685 812 2752 fiducia
827 2708 949 2752 rerum:

200 2791 333 2856 Lumina
348 2813 423 2858 rara
436 2793 573 2869 micant3
594 2811 702 2854 somno
717 2793 852 2874 vinoque
868 2790 980 2876 sepulti

201 2893 422 2972 Procubudre3
444 2891 535 2958 silent
549 2891 613 2957 late
628 2891 709 2957 loca.
755 2892 888 2978 Perclpe
901 2892 996 2978 porrti
1180 2903 1238 2960 190

200 2995 285 3078 Quid
298 2995 450 3076 dubitem,
463 3009 494 3061 et
509 3017 578 3082 quae
593 3017 675 3060 nunc
691 2998 796 3059 animo
809 2999 963 3062 sententia
976 3010 1093 3084 surgat.

199 3097 323 3166 AEnean
338 3100 435 3164 accin'
449 3121 565 3180 omnes,
579 3097 774 3184 populusque
788 3111 966 3183 patresque,

198 3199 389 3290 Exposcunt,
405 3204 545 3286 mittique
561 3205 645 3266 viros
660 3201 713 3286 qui
727 3214 815 3266 centn
830 3215 1000 3286 reportent.

200 3306 233 3372 si
248 3306 305 3370 tibi
319 3325 388 3390 quae
404 3327 500 3390 posco
515 3307 706 3390 promittunt,
721 3325 793 3370 nam
808 3303 883 3370 mihi
898 3305 973 3370 lacti

198 3409 297 3476 Fama
311 3419 359 3474 sat
374 3419 431 3486 est,
446 3405 562 3472 tumulo
578 3405 687 3472 videor
702 3410 843 3492 reperire
858 3408 916 3472 suh
931 3407 986 3474 illo
1175 3415 1233 3470 195

198 3513 294 3578 Posse
309 3511 392 3576 viam
407 3507 449 3575 nd
463 3531 567 3576 muros
581 3523 612 3575 et
627 3509 740 3575 moenia
756 3509 927 3574 Pallantea.

196 3615 374 3704 Obstupuit,
388 3634 500 3702 magno
515 3611 641 3680 laudum
655 3634 821 3698 percussus
836 3635 953 3692 amore,

197 3717 376 3806 Euryalus;
397 3715 489 3782 simul
505 3715 554 3782 his
569 3714 732 3782 ardentem
746 3713 858 3782 affatur
871 3719 1025 3782 amicum:

197 3821 292 3887 Mene
307 3823 400 3908 igitur
413 3823 531 3886 socium
546 3821 673 3884 summis
688 3817 858 3905 adjungere
872 3820 977 3900 rebus,

195 3923 284 4006 Nise,
298 3924 401 4009 fugis?
422 3921 521 3988 solum
535 3934 567 3987 te
581 3922 613 3987 in
628 3933 714 3986 tanta
728 3919 870 4006 pericula
884 3921 1026 3988 mittam?
1170 3927 1231 3986 000

196 4027 268 4094 Non
282 4027 326 4090 ita
340 4045 389 4089 me
403 4024 523 4112 genitor
538 4025 630 4090 bellis
644 4035 783 4089 assuetus
797 4021 948 4108 Opheltes

195 4126 376 4216 Argolicum
390 4136 542 4192 terrorem
556 4129 638 4191 inter
652 4125 819 4212 Trojaeque
834 4124 959 4192 labores
