2978 5124
143 470 204 542 Μ
588 469 779 540 AENEIDOS

195 637 344 702 Proteum
359 638 472 702 armati
487 633 654 716 incedunt,
676 657 754 720 quos
769 637 870 702 omnis
884 647 992 700 euntes

196 741 370 806 Primorum
385 761 493 804 manus
508 739 549 804 ad
564 751 672 826 portas
681 740 894 827 juvenumque
907 759 1078 824 seuumque

197 843 399 930 Prosequitur
414 845 513 908 votis:
536 865 594 908 neo
609 865 670 908 non
686 855 717 910 et
730 841 863 928 pulcher
877 841 970 924 liilus,
1170 849 1234 908 81⁰

197 949 279 1012 Ante
294 969 391 1012 annos
406 950 604 1032 animumque
618 965 730 1034 gerens
744 967 916 1031 curamque
931 945 1064 1027 virilem,

197 1049 297 1116 Multa
311 1049 392 1136 patri
407 1049 560 1136 portanda
575 1049 673 1116 dabat
687 1049 855 1128 mandata3
876 1049 932 1114 sed
948 1071 1032 1116 aura

197 1151 311 1217 Omnia
326 1151 515 1237 discerpunt,
530 1165 561 1216 et
576 1151 710 1218 nubibus
725 1152 812 1218 irrita
826 1151 957 1218 donant.

240 1255 367 1342 Egressi
382 1269 528 1340 superant
542 1257 650 1334 fossas,
664 1255 826 1341 noctisque
839 1277 897 1341 per
912 1257 1055 1322 umbram

198 1357 312 1423 Castra
325 1357 451 1422 inimica
465 1371 582 1444 petunt,
596 1358 699 1424 multis
715 1369 817 1422 tamen
833 1359 906 1424 anto
920 1359 1014 1426 futuri
1171 1369 1234 1426 81⁵

199 1461 315 1526 Exitio.
360 1461 478 1526 Passim
493 1483 602 1526 somno
616 1465 751 1547 vinoque
766 1483 824 1547 per
837 1461 971 1528 herbam

201 1563 344 1650 Corpora
359 1565 427 1628 lusa
444 1563 569 1642 vident;
591 1577 730 1630 arrectos
744 1563 846 1630 littore
860 1583 1002 1645 currus„

200 1665 284 1732 Inter
299 1667 364 1732 lora
379 1681 524 1752 rotasque
536 1671 637 1746 viros,
658 1667 748 1732 simul
764 1689 851 1732 arma
861 1670 981 1755 jacere,

200 1769 286 1836 Vina
301 1771 402 1836 simul.
448 1771 537 1836 Prior
553 1770 748 1857 Hyrtacides
763 1775 808 1836 sic
819 1793 875 1836 ore
890 1770 1030 1836 locutus:

200 1873 350 1960 Euryale,
364 1873 540 1940 audendum
555 1872 686 1938 dextris:
711 1895 790 1938 nune
806 1877 875 1961 ipsa
889 1888 982 1940 vocat
996 1897 1060 1940 res.
1173 1881 1237 1940 820

201 1977 275 2042 Hac
289 1982 350 2042 iter
363 1991 429 2042 est:
452 1991 494 2058 tu,
509 1999 548 2042 ne
563 1999 625 2063 qua
640 1999 748 2044 manus
762 1999 797 2042 se
812 1976 954 2044 attollere
968 1979 1059 2044 uobis

202 2083 230 2145 A
247 2090 333 2168 tergo
347 2080 452 2168 possit,
467 2079 599 2160 custodi,
614 2091 646 2144 et
660 2079 786 2145 consule
802 2079 904 2168 longi.

203 2183 285 2247 Haec
302 2205 359 2270 ego
375 2197 462 2247 vasta
477 2181 571 2262 dabo,
586 2195 617 2246 et
633 2183 697 2248 lato
712 2195 741 2248 te
757 2183 855 2248 limite
869 2182 994 2248 ducam.

203 2287 254 2352 Sic
270 2299 429 2366 memorat,
444 2307 615 2372 vocemque
630 2290 763 2371 premit:
787 2285 877 2352 simul
893 2307 967 2352 ense
983 2288 1153 2374 superbum

204 2387 411 2454 Rhamnetem
426 2389 615 2476 aggreditur,
630 2394 683 2474 qui
699 2390 778 2454 forte
795 2390 951 2476 tapetibus
965 2389 1037 2455 altis
1174 2397 1238 2454 32⁵

94 2477 100 2486 ’
202 2491 386 2558 Exstructus
402 2505 465 2556 toto
480 2491 634 2577 proflabat
648 2503 776 2578 pectore
791 2513 949 2572 somnum3

203 2593 274 2659 Rex
290 2595 383 2674 idem,
398 2609 428 2658 et
442 2595 507 2682 regi
523 2595 631 2658 Turno
645 2597 837 2682 gratissimus
852 2619 969 2683 augure

204 2695 265 2762 Sed
281 2720 341 2762 non
357 2699 487 2782 augurio
500 2697 600 2782 potuit
614 2692 774 2782 depellere
789 2713 919 2784 pestem.

203 2799 283 2864 Tres
294 2799 385 2886 juxta
399 2797 530 2864 famulos
545 2800 661 2864 temere
677 2800 755 2864 inter
769 2801 831 2866 tela
841 2802 995 2887 jacentes,

201 2903 459 2990 armigerumque
475 2901 567 2966 Remi
583 2905 704 2990 premit,
723 2905 926 2990 aurigamque
941 2905 1000 2970 sub
1014 2907 1089 2992 ipsis
1175 2913 1240 2972 330

203 3007 321 3072 Nactus
336 3006 433 3092 equis,
448 3008 595 3090 ferroque
610 3020 695 3071 secat
709 3005 876 3094 pendentia
891 3007 983 3074 colla.

202 3111 283 3176 Tum
298 3125 391 3197 caput
407 3112 464 3197 ipsi
479 3112 580 3176 aufert
594 3111 729 3194 domino,
744 3125 948 3200 truncumque
963 3115 1111 3202 relinquit

204 3217 358 3304 Sanguine
373 3213 606 3302 singultantem:
630 3229 700 3282 atro
714 3219 869 3302 tepefacta
883 3241 996 3286 cruore

203 3317 304 3384 Terra
316 3321 437 3404 torique
449 3317 586 3384 madent.
609 3319 749 3384 Necnon
761 3319 808 3384 La
840 3323 1219 3410 yrumque,Lamumque,

204 3423 245 3486 Et
254 3423 401 3508 juvenem
418 3423 595 3501 Sarranum,
610 3421 661 3486 illi
676 3425 730 3508 qui
745 3421 879 3508 plurima
893 3437 984 3490 nocte
1175 3433 1238 3492 335

204 3523 347 3604 Luserat,
361 3525 489 3612 insignis
504 3523 595 3602 facie,
611 3523 767 3610 multoque
777 3525 906 3611 jacebat
984 3605 987 3612 Ι

205 3627 351 3692 Membra
365 3625 426 3691 deo
442 3627 559 3690 victus:
582 3625 658 3690 felix
674 3629 700 3690 si
714 3640 861 3712 protenus
876 3625 961 3694 illum

204 3727 373 3815 AEqutisset
388 3731 471 3794 nocti
488 3727 645 3809 ludum,in
661 3729 826 3815 lucemque
842 3731 977 3798 tulisset!
1050 3815 1055 3824 ι

205 3833 359 3917 Impastus
373 3856 431 3898 ceu
446 3832 539 3918 plena
554 3831 604 3899 leo
618 3855 675 3918 per
689 3832 784 3898 ovilia
795 3835 931 3916 turbans,

207 3933 324 4000 Suadet
338 3939 420 4000 enim
434 3957 550 4000 vesana
564 3937 672 4014 fames,
687 3935 867 4020 manditque
882 3938 1039 4026 trahitque
1178 3947 1242 4004 sto

208 4035 304 4104 Molle
319 4057 425 4124 pecus,
440 4053 616 4126 mutumque
632 4053 736 4120 metu3
757 4041 860 4106 fremit
874 4063 928 4106 ore
943 4059 1084 4112 cruento.
1190 4029 1193 4040 ¹

207 4141 273 4206 Nec
289 4141 388 4206 minor
403 4142 535 4230 Euryali
550 4141 671 4208 cades:
694 4146 838 4210 incensus
852 4159 884 4212 et
898 4149 966 4232 ipse
