2914 5130
655 553 772 617 BIBER
791 555 840 618 Vl.

240 710 373 778 Sedibus
387 713 502 797 optatis
515 713 648 797 gemine
663 731 757 796 super
771 711 885 777 arbore
899 709 1012 793 sidunt,

239 813 387 880 Discolor
401 813 484 879 unde
499 814 567 878 auri
580 833 638 900 per
651 835 755 878 ramos
769 833 847 880 aura
860 813 992 882 refulsit.

236 919 340 1002 Quale
354 917 434 983 solet
448 916 533 982 silvis
546 916 683 982 brumali
698 917 812 1004 frigore
826 917 945 983 viscum

239 1019 364 1086 Fronde
379 1020 482 1086 vinem
497 1020 588 1102 nova,
603 1019 688 1107 quod
702 1043 764 1086 non
777 1039 835 1086 sua
848 1025 981 1088 seminat
999 1023 1104 1104 arbos,

240 1125 280 1190 Et
294 1147 410 1190 croceo
424 1124 500 1189 foetu
514 1135 629 1188 teretes
642 1123 841 1190 circumdare
853 1137 997 1192 tnmcos:

236 1225 327 1292 Talis
342 1239 412 1292 erat
425 1226 547 1312 species
562 1229 631 1291 auri
647 1225 818 1292 frondentis
835 1227 935 1314 opaci

236 1329 333 1414 ilice,
355 1336 402 1398 sic
418 1331 479 1398 leni
494 1331 671 1416 crepitabat
685 1331 815 1396 bractea
829 1343 934 1397 vento.

235 1434 380 1522 Corripit
395 1433 508 1500 AEureas
523 1433 691 1520 extempio,
706 1434 879 1520 avidiusque
894 1435 1035 1522 refringit

235 1533 454 1618 Cunctantem,
470 1551 500 1602 et
515 1535 595 1602 vatis
610 1547 714 1622 portat
728 1537 786 1602 aub
801 1551 884 1602 tecta
899 1537 1041 1625 Sibyllae.

278 1639 348 1708 Nec
364 1639 465 1707 minus
480 1645 599 1705 interea
615 1639 768 1705 Misenum
783 1643 815 1705 in
830 1640 932 1706 littore
946 1639 1063 1706 Teucri

239 1743 383 1824 Flebant,
398 1757 429 1808 ct
441 1743 541 1809 cineri
556 1743 677 1830 ingrato
691 1759 836 1828 suprema
850 1744 1005 1809 ferebant.

238 1847 397 1934 Principio
411 1850 558 1933 pinguem
573 1845 661 1911 taedia
676 1858 707 1910 et
721 1847 836 1912 robore
850 1859 937 1912 secto

238 1953 397 2040 ingentem
412 1947 555 2015 struxere
570 1969 705 2037 pyram3
727 1950 777 2013 cui
792 1947 954 2014 frondibus
969 1951 1045 2016 atris

236 2053 383 2120 intexunt
398 2051 507 2132 latera,
522 2063 553 2116 et
568 2049 682 2115 ferales
697 2051 770 2116 ante
785 2071 949 2138 cupressos

236 2157 446 2236 Constituunt,
461 2153 675 2238 decorantque
690 2153 786 2240 super
799 2153 988 2241 fulgentibus
1002 2155 1107 2220 armis.

237 2261 313 2327 Pars
326 2259 451 2328 calidos
465 2258 574 2324 latices
588 2271 619 2324 et
633 2259 737 2323 ahena
752 2258 902 2324 undantia
916 2260 1048 2326 flammis

236 2365 428 2452 Expediunt,
442 2383 617 2449 corpusque
632 2361 738 2427 lavant
752 2362 892 2450 frigentis
906 2377 938 2428 et
952 2379 1078 2452 ungunt.

236 2469 286 2534 Pit
299 2473 451 2558 gemitus:
474 2480 538 2532 tum
554 2467 694 2532 membra
708 2480 778 2531 toro
792 2465 906 2532 defleta
920 2481 1090 2554 reponunt;

238 2573 478 2659 Purptueasque
493 2569 589 2655 super
602 2583 714 2650 vestes,
724 2567 880 2634 velamina
895 2585 977 2652 nota,

237 2675 427 2764 Conjiciunt.
473 2672 551 2737 Pars
565 2673 680 2760 ingenti
693 2672 821 2738 subiere
835 2674 960 2756 feretro,

237 2777 342 2842 Triste
357 2776 570 2855 ministerium,
585 2787 616 2840 et
631 2775 804 2860 subjectam
819 2797 905 2840 more
919 2779 1082 2862 parentdm

235 2884 348 2946 Aversi
362 2879 492 2947 tenuere
503 2881 622 2945 facem:
645 2893 794 2966 congesta
807 2895 987 2947 cremantur

234 2983 367 3048 Thurea
382 2981 475 3064 dona,
489 2981 596 3069 dapes,
611 2983 679 3046 luso
694 2995 833 3048 crateres
845 2982 940 3049 olivo.

237 3085 406 3172 Postquam
420 3084 551 3172 collapsi
567 3085 698 3165 cineres,
714 3097 744 3150 et
759 3085 882 3150 flamma
899 3091 1025 3173 quierit,

237 3189 401 3276 Reliquias
414 3193 488 3254 vino
503 3201 534 3254 et
548 3188 689 3254 bibulam
704 3187 811 3256 lavere
829 3191 976 3275 favillam,

235 3292 381 3380 Ossaque
395 3290 479 3358 lecta
493 3291 574 3356 cado
589 3291 666 3356 texit
681 3291 857 3379 Corynaeus
871 3294 985 3360 aheno.

235 3395 323 3460 idem
338 3407 387 3460 ter
399 3397 501 3460 socios
515 3391 595 3479 puri
608 3392 799 3459 circumtulit
812 3394 906 3476 unda,
977 3389 982 3396 ’

235 3499 394 3586 Spargena
409 3517 480 3562 rore
495 3495 558 3560 levi
570 3505 602 3559 et
616 3515 704 3560 ramo
718 3495 818 3560 felicis
832 3495 933 3577 oiivae,

235 3597 458 3684 Lustravitque
472 3600 567 3676 viros,
581 3595 722 3682 dixitque
737 3601 906 3664 novissima
920 3596 1029 3662 verba.

235 3705 280 3770 At
292 3706 364 3790 pius
380 3701 495 3767 Encas
509 3704 624 3788 ingenti
640 3701 721 3766 mole
735 3701 912 3787 sepulcrum

235 3806 380 3892 imponit,
394 3825 514 3890 suaque
529 3825 617 3869 arma
631 3805 709 3885 viro,
723 3825 913 3891 remumque,
928 3805 1107 3892 tubamque,

235 3909 346 3976 Monte
360 3909 420 3974 sub
435 3909 531 3989 aerio,
546 3911 600 3994 qui
614 3929 696 3972 nunc
711 3907 851 3972 Misenus
864 3908 907 3972 ab
920 3907 976 3972 iilo

231 4011 372 4094 Dicitur,
385 4025 598 4098 aeternumque
610 4023 695 4076 tenet
708 4031 766 4096 per
780 4009 895 4074 saecula
909 4033 1033 4077 nomen.

280 4115 342 4180 His
357 4117 448 4196 actis,
459 4113 596 4202 propere
610 4113 791 4200 exsequitur
803 4115 1122 4205 piscopostbyllo.
1234 4154 1238 4163 ·

234 4217 397 4308 Spelunca
412 4217 476 4284 alta
489 4219 558 4298 mit,
570 4231 722 4302 vastoque
735 4219 879 4286 immanis
894 4217 992 4301 niam,-
