2978 5124
176 543 234 598 sss
457 497 467 508 ’
622 537 810 601 mnsmos

217 701 455 787 Exsuperatque
470 721 583 782 morus,
599 713 629 764 et
643 715 753 786 pontes
768 700 898 766 transilit
914 700 1002 767 altos.

218 803 286 870 Vix
301 825 427 890 proram
442 805 595 890 attigerat,
610 803 723 887 rumpit
738 803 880 868 Saturnia
895 804 1009 882 funem,

218 905 431 992 Avulsumque
445 911 527 992 rapit
540 903 681 971 revoluta
694 927 753 992 per
766 928 895 992 aequora
910 929 1032 972 navem.
1191 913 1254 972 660

221 1009 311 1074 lllum
326 1023 429 1096 autem
444 1009 560 1074 AEueas
574 1009 736 1073 absentem
751 1013 782 1074 in
798 1009 911 1094 proelia
925 1013 1042 1094 poscit:

219 1112 325 1177 Obvia
340 1111 436 1177 multa
451 1111 553 1176 virssm
567 1110 703 1176 demittit
716 1133 851 1196 corpora
865 1114 968 1176 morti.

260 1213 341 1278 Tum
357 1213 434 1278 levis
449 1211 533 1277 haud
548 1212 627 1278 ultrd
643 1212 780 1278 latebras
790 1213 856 1299 jam
871 1216 980 1297 quaerit
995 1214 1106 1300 imago,

217 1313 280 1381 Sed
295 1315 430 1381 sublimi
444 1314 555 1380 volans
570 1316 644 1380 nubi
660 1337 694 1380 se
710 1316 873 1380 immiscuit
888 1329 984 1380 atroer

218 1421 320 1503 Quum
335 1420 475 1484 Turnum
490 1417 593 1484 medio
608 1421 729 1484 interea
744 1419 804 1483 lert
818 1439 945 1503 aequore
961 1419 1064 1484 turbo.
1192 1423 1255 1482 666

111 1591 115 1598 ,
219 1523 359 1610 Respicit
373 1527 498 1609 ignarus
513 1543 627 1603 rerum,
643 1523 843 1609 ingratusque
858 1521 987 1602 sulutis;

218 1629 259 1692 Et
273 1626 415 1713 duplices
429 1649 500 1692 cum
515 1647 592 1690 voce
608 1647 716 1690 manus
732 1625 773 1691 ad
788 1625 893 1691 sidera
908 1624 1023 1689 tendit:

215 1730 419 1816 Omnipotens
433 1732 563 1816 genitor,
578 1731 694 1794 tanton’
710 1751 759 1793 me
775 1732 905 1794 crimine
922 1727 1049 1814 dignum

216 1835 367 1901 Duxisti?
388 1847 419 1900 et
433 1834 511 1900 tales
527 1834 650 1899 voluisti
666 1835 846 1922 expendere
862 1839 991 1920 poenasl

217 1939 289 2022 Qud
303 1939 410 2003 feroti
431 1937 513 2003 unde
529 1939 618 2004 abiit
641 1959 709 2021 quae
726 1961 774 2002 me
789 1940 862 2025 iuga
878 1961 1011 2024 quemve
1027 1938 1167 2004 reducit?
1190 1947 1254 2005 670

217 2042 430 2108 Laurentesne
446 2045 557 2107 iterum
573 2062 677 2106 muros
692 2055 744 2106 aut
758 2055 863 2106 castra
878 2040 1015 2106 videbo?

101 2225 108 2236 .
216 2145 300 2228 Quid
315 2167 423 2210 manus
438 2144 493 2210 illu
508 2144 608 2210 virdm
624 2148 678 2228 qui
693 2167 743 2209 me
758 2166 891 2230 meaque
905 2165 992 2210 arma
1007 2147 1127 2209 secuti?

216 2249 343 2332 Quosne
357 2249 483 2333 (nesus)
498 2271 604 2314 omnes
619 2248 747 2314 infandi
762 2253 794 2313 in
809 2263 909 2313 morte
923 2249 1057 2334 reliquii

205 2351 259 2417 'Et
272 2374 353 2418 nunc
367 2352 509 2439 palantes
523 2352 627 2433 video,
641 2353 850 2439 gemitumque
865 2353 1030 2418 cadentium

216 2461 358 2546 Accipio.
402 2458 485 2543 Quid
502 2462 581 2544 agol
604 2472 656 2522 aut
671 2479 740 2541 quae
751 2459 818 2544 jem
833 2460 908 2522 satis
924 2460 987 2524 ima
1002 2454 1144 2522 dehiscat
1189 2461 1252 2521 675

217 2564 320 2629 Terra
335 2563 430 2627 mihil
474 2561 542 2627 Vos
557 2582 577 2625 o
592 2558 694 2646 potiris
710 2564 912 2640 miserescite,
926 2564 1031 2625 venti:

216 2666 250 2732 ln
266 2687 370 2752 rupes,
384 2665 414 2729 in
429 2685 517 2744 saxo,
530 2662 639 2726 volens
654 2685 710 2726 vos
725 2663 850 2727 Turnus
866 2661 973 2742 adoro,

218 2770 311 2834 Ferte
327 2781 435 2847 ratem,
450 2769 605 2849 sevisque
620 2765 710 2830 vadis
726 2767 878 2842 immittite
893 2765 998 2852 syrtis,

215 2873 287 2957 Qud
298 2894 400 2956 neque
415 2895 463 2936 me
480 2869 597 2950 Rutuli,
612 2893 670 2936 nec
685 2872 812 2935 conscia
826 2873 910 2934 fama
925 2881 1082 2952 sequatur.

217 2979 299 3042 Haec
314 2996 499 3052 memorans,
515 2977 618 3039 animo
633 2996 714 3040 nunc
730 2973 791 3038 huc
806 2997 886 3038 nunc
903 2973 1029 3037 fluctuat
1044 2971 1137 3037 illuc:
1189 2978 1251 3040 680

215 3083 265 3145 An
280 3101 348 3144 sese
363 3100 510 3142 mucrone
525 3078 567 3142 ob
582 3088 700 3141 tantum
716 3075 854 3141 dedecus
870 3097 975 3142 amens

216 3181 336 3264 Induat,
351 3195 381 3246 et
396 3179 527 3246 crudum
541 3201 599 3266 per
613 3194 717 3245 costas
732 3181 837 3267 exigat
853 3202 976 3260 ensem;

215 3285 377 3352 Fluctibus
392 3307 431 3350 an
442 3286 541 3371 jaciat
555 3283 674 3365 mediis,
689 3298 721 3349 et
737 3284 842 3350 littora
856 3283 962 3350 nando

215 3389 323 3456 Curva
337 3400 433 3476 petat,
441 3387 663 3474 Teucrumque
678 3389 789 3452 iterum
804 3410 837 3452 se
853 3387 965 3452 reddat
981 3390 1011 3454 in
1026 3411 1124 3456 arms.

215 3493 283 3558 Ter
296 3506 426 3559 conatus
441 3505 603 3576 utramque
618 3496 721 3558 viam:
745 3505 792 3556 ter
807 3496 944 3558 maxima
957 3492 1040 3557 Juno
1189 3495 1250 3554 665

217 3597 384 3676 Continuit,
394 3597 604 3682 juvenemque
618 3599 713 3660 animi
728 3596 875 3660 miserata
889 3595 1047 3680 repressit.

218 3699 351 3765 Labitur
365 3697 429 3762 sltu
444 3719 564 3779 secans,
579 3697 735 3783 fluctuque
750 3709 890 3780 aestuque
905 3697 1060 3762 secundo:

220 3802 260 3866 Et
274 3804 373 3888 patris
387 3803 547 3885 antiquum
561 3799 665 3864 Dauni
680 3797 820 3862 defertur
834 3797 874 3862 ad
890 3799 1012 3863 urbem.

261 3905 304 3968 At
317 3903 404 3967 Jovis
419 3907 539 3968 interea
553 3899 675 3968 monitis
690 3901 864 3966 Mezentius
875 3901 989 3966 ardens

220 4005 369 4074 Succedit
382 4027 502 4094 pugne,
515 4006 717 4091 Teucrosque
732 4003 853 4070 invadit
867 4018 1008 4070 ovantes.
1188 4003 1252 4068 696

219 4112 417 4176 Concurrunt
431 4109 608 4195 Tyrrhenae
624 4111 725 4189 acies3
747 4123 840 4194 atque
855 4109 997 4176 omnibus
1011 4111 1074 4189 uni,

219 4213 283 4279 Uni
298 4211 441 4295 odiisque
457 4213 525 4276 viro
539 4211 671 4296 telisque
685 4211 898 4297 frequentibus
913 4215 1038 4277 instant.
