2992 5102
618 437 904 500 GEORGlCORUbl

272 589 337 670 Sin,
353 591 408 656 bns
423 611 461 654 ne
473 591 586 676 possim
601 603 713 656 nature
729 593 881 656 accedere
897 605 1009 676 partes,

272 694 413 780 Frigidus
428 694 576 760 obstiterit
590 696 705 760 circum
721 696 887 781 precordia
902 696 1046 780 sanguis3

272 799 360 864 Rura
374 801 447 865 mibi
462 817 494 866 et
509 801 584 884 rigui
599 800 740 886 placeant
755 803 784 864 in
800 801 927 864 vallibus
941 821 1070 882 amnes3
1227 807 1292 868 485

271 903 414 970 Flumina
425 927 525 970 amem
542 906 692 990 silvasque
708 906 861 988 inglorius.
884 905 916 970 Ο
931 906 980 970 ubi
996 906 1109 991 campi,

272 1011 519 1096 Spercheosque,
535 1028 566 1075 et
582 1010 742 1094 virginibus
757 1010 905 1074 beccbeta
920 1009 1061 1076 Lacunis

271 1113 435 1202 Taygeta!
458 1138 478 1179 o
494 1117 544 1202 qui
560 1137 611 1180 me
626 1116 736 1200 gelidis
750 1117 781 1180 in
796 1115 926 1182 vallibus
943 1115 1042 1181 Hemi

273 1221 377 1302 Sistat,
393 1236 424 1286 et
438 1223 550 1306 ingenti
565 1242 717 1286 ramorum
733 1235 871 1305 protegat
887 1221 1016 1288 umbri!
1038 1287 1041 1292 ,

315 1325 407 1392 Felix
423 1327 474 1411 qui
489 1327 585 1412 potuit
599 1346 699 1389 rerum
715 1346 902 1409 cognoscere
916 1349 1037 1406 causas,
1228 1333 1296 1394 490

272 1433 374 1516 Atque
390 1446 490 1494 metus
503 1451 611 1496 omnes
627 1443 658 1494 et
672 1430 859 1496 inexorabile
876 1430 970 1496 latum

273 1536 411 1624 Subjecit
426 1535 565 1622 pedibus,
576 1535 793 1619 strepitumque
809 1535 992 1602 Acherontis
1003 1539 1084 1602 arari
1099 1540 1106 1602 !

271 1640 455 1705 Fortunatus
470 1651 502 1702 et
516 1637 565 1702 ille
581 1639 657 1702 deos
671 1638 722 1722 qui
737 1640 820 1704 novit
835 1655 980 1724 agrestes,
1117 1671 1118 1676 ¹

272 1744 432 1830 Panaque,
449 1741 667 1828 Silvanumque¹
681 1763 798 1822 senem,
814 1743 1037 1830 Nymphasque
1053 1749 1192 1811 sorores!

273 1847 362 1913 Illum
380 1870 439 1912 non
456 1847 559 1932 populi
575 1845 684 1925 fasces,
699 1869 759 1909 non
775 1869 907 1932 purpura
918 1869 1024 1932 regern
1230 1851 1293 1914 496

273 1950 388 2029 Flexit,
405 1966 435 2014 et
450 1952 558 2015 infidos
574 1951 689 2036 agitans
704 1952 856 2016 discordie
870 1951 987 2028 iratres,

272 2059 336 2122 Aut
350 2056 506 2142 conjurato
521 2056 712 2120 descendens
727 2056 835 2120 Dacus
849 2057 887 2120 ab
903 2056 1000 2136 lstro;

272 2161 343 2234 Non
360 2183 409 2226 res
424 2160 583 2236 Romane,
600 2161 792 2245 perituraque
808 2183 923 2245 regne:
946 2183 1046 2246 neque
1063 2162 1114 2227 ille

271 2269 336 2334 Aut
350 2267 444 2330 doluit
460 2267 605 2330 miserans
619 2265 753 2350 inopem,
769 2281 820 2332 aut
834 2267 938 2332 invidit
954 2267 1087 2334 babenti.

272 2371 362 2446 Quos
376 2370 451 2433 rami
468 2368 592 2444 fructus,
609 2391 685 2452 quos
699 2370 763 2454 ipsa
779 2371 910 2436 volentia
923 2394 994 2442 rura
1228 2375 1293 2438 500

273 2474 389 2559 Sponte
405 2471 502 2536 tulere
518 2469 584 2549 suit,
599 2473 733 2555 carpsit:
756 2495 814 2538 nec
830 2472 929 2539 ferrea
939 2474 1021 2561 jura,

272 2567 475 2660 insanumque
492 2573 601 2654 sorum,
617 2592 667 2638 aur
682 2576 785 2662 populi
801 2573 948 2646 tabularia
963 2583 1047 2648 vidit.

317 2682 486 2746 Sollicitant
500 2680 549 2744 alii
565 2681 656 2744 remis
673 2680 748 2746 beta
763 2704 857 2764 ceca,
874 2700 1022 2772 ruuntque

271 2789 306 2854 ln
323 2787 447 2879 serrum,
464 2802 621 2870 penetrant
633 2787 717 2851 aulas
732 2800 764 2851 et
778 2787 880 2854 limina
895 2811 1023 2874 regum:

272 2891 335 2958 llic
350 2892 425 2976 petit
440 2891 569 2956 excidiis
585 2891 691 2954 urbem
707 2892 893 2977 miserosque
909 2908 1046 2978 penates,
1092 2883 1095 2891 Α
1229 2899 1292 2960 005

271 2995 316 3062 Ut
330 2993 452 3081 gemmei
467 2996 558 3070 bibet,
575 3008 606 3058 ct
622 2995 754 3059 Sarrano
770 2996 929 3064 indormiet
940 3013 1041 3064 ostro:

271 3102 386 3168 Condit
400 3120 475 3184 opes
489 3099 574 3176 alius,
591 3097 772 3182 defossoque
789 3100 910 3164 incubat
925 3123 1019 3166 auro:

269 3205 332 3272 Hic
348 3219 448 3290 stupet
463 3203 605 3267 attonitus
620 3205 744 3267 rostris:
766 3203 847 3270 hunc
862 3206 986 3289 plausus
999 3206 1133 3274 hiantem

270 3312 334 3378 Per
349 3329 464 3373 cuneos
479 3308 648 3393 geminatus
663 3309 744 3371 enim
761 3310 917 3394 plebisque
933 3326 1112 3398 patrumque

271 3415 448 3500 Corripuit:
471 3413 604 3496 gaudent
619 3410 731 3495 perfusi
747 3416 891 3497 sanguiue
904 3414 1040 3494 fratrum,
1229 3422 1292 3480 blo

272 3517 452 3604 Exsilioque
469 3519 576 3582 domos
592 3530 623 3580 et
638 3515 738 3581 dulcia
753 3517 855 3582 limina
870 3535 996 3598 mutent,

274 3625 374 3709 Atque
390 3623 449 3688 alio
465 3622 591 3706 patriam
608 3637 743 3706 querunt
758 3624 813 3687 sub
829 3627 892 3688 sole
903 3625 1070 3709 jacentem.

272 3731 416 3814 Agricola
431 3730 555 3792 incurvo
570 3741 682 3790 terram
698 3726 823 3792 dimovit
837 3746 958 3793 aratro:

271 3833 354 3900 Hinc
370 3835 439 3898 anni
453 3833 561 3913 labor3
583 3831 653 3896 binc
668 3834 795 3918 petriam
811 3854 979 3918 parvosque
995 3848 1121 3919 nepotes

274 3940 431 4016 Sustinet;
453 3939 523 4003 binc
538 3953 674 4003 armenta
690 3938 781 4002 boum
793 3939 976 4021 meritosque
988 3939 1149 4025 juvencos.
1232 3945 1295 4004 515

273 4045 344 4112 Nec
359 4042 480 4128 requies
496 4043 566 4127 quin
583 4059 634 4107 aut
649 4043 747 4128 pernis
762 4041 909 4107 exuberet
924 4064 1030 4122 enuus,
