<?xml version="1.0" encoding="UTF-8"?>
<!DOCTYPE html PUBLIC "-//W3C//DTD XHTML 1.0 Transitional//EN"
    "http://www.w3.org/TR/xhtml1/DTD/xhtml1-transitional.dtd">
<html xmlns="http://www.w3.org/1999/xhtml" xml:lang="en" lang="en">
 <head>
  <title>
</title>
<meta http-equiv="Content-Type" content="text/html;charset=utf-8" />
  <meta name='ocr-system' content='tesseract 3.04.00' />
  <meta name='ocr-capabilities' content='ocr_page ocr_carea ocr_par ocr_line ocrx_word'/>
</head>
<body>
  <div class='ocr_page' id='page_1' title='image "./bucolicageorgic01goulgoog/bucolicageorgic01goulgoog_0322.png"; bbox 0 0 2978 5124; ppageno 0'>
   <div class='ocr_carea' id='block_1_1' title="bbox 181 497 823 562">
    <p class='ocr_par' dir='ltr' id='par_1_1' title="bbox 181 497 823 562">
     <span class='ocr_line' id='line_1_1' title="bbox 181 497 823 562; baseline -0.003 0"><span class='ocrx_word' id='word_1_1' title='bbox 181 497 246 562; x_wconf 64' lang='grc'>304</span> <span class='ocrx_word' id='word_1_2' title='bbox 632 497 823 560; x_wconf 71' lang='lat' dir='ltr'>mnus</span> 
     </span>
    </p>
   </div>
   <div class='ocr_carea' id='block_1_2' title="bbox 200 656 1281 3642">
    <p class='ocr_par' dir='ltr' id='par_1_2' title="bbox 200 656 1281 3642">
     <span class='ocr_line' id='line_1_2' title="bbox 234 656 1043 748; baseline -0.002 -22"><span class='ocrx_word' id='word_1_3' title='bbox 234 661 405 748; x_wconf 78' lang='lat' dir='ltr'><strong>Tegmina:</strong></span> <span class='ocrx_word' id='word_1_4' title='bbox 428 681 487 726; x_wconf 84' lang='lat' dir='ltr'>nec</span> <span class='ocrx_word' id='word_1_5' title='bbox 502 673 614 726; x_wconf 88' lang='lat' dir='ltr'>curant</span> <span class='ocrx_word' id='word_1_6' title='bbox 628 680 716 724; x_wconf 77' lang='lat' dir='ltr'>caco</span> <span class='ocrx_word' id='word_1_7' title='bbox 729 656 923 724; x_wconf 78' lang='lat' dir='ltr'><strong>contendere</strong></span> <span class='ocrx_word' id='word_1_8' title='bbox 938 657 1043 724; x_wconf 88' lang='lat' dir='ltr'>Marte</span> 
     </span>
     <span class='ocr_line' id='line_1_3' title="bbox 235 750 986 851; baseline -0.008 -17"><span class='ocrx_word' id='word_1_9' title='bbox 235 761 377 851; x_wconf 77' lang='lat' dir='ltr'>Ampliits</span> <span class='ocrx_word' id='word_1_10' title='bbox 392 764 529 830; x_wconf 80' lang='lat' dir='ltr'>audaces</span> <span class='ocrx_word' id='word_1_11' title='bbox 545 761 652 829; x_wconf 78' lang='lat' dir='ltr'>Rutuli</span> <span class='ocrx_word' id='word_1_12' title='bbox 665 789 684 844; x_wconf 73' lang='grc' dir='ltr'>ς’</span> <span class='ocrx_word' id='word_1_13' title='bbox 694 761 751 828; x_wconf 91' lang='lat' dir='ltr'>sed</span> <span class='ocrx_word' id='word_1_14' title='bbox 766 761 885 848; x_wconf 86' lang='lat' dir='ltr'>pellere</span> <span class='ocrx_word' id='word_1_15' title='bbox 901 750 986 828; x_wconf 79' lang='lat' dir='ltr'>vallo</span> 
     </span>
     <span class='ocr_line' id='line_1_4' title="bbox 238 867 555 936; baseline -0.019 0"><span class='ocrx_word' id='word_1_16' title='bbox 238 867 409 936; x_wconf 81' lang='lat' dir='ltr'>Missilibus</span> <span class='ocrx_word' id='word_1_17' title='bbox 423 879 555 934; x_wconf 86' lang='lat' dir='ltr'>certant.</span> 
     </span>
     <span class='ocr_line' id='line_1_5' title="bbox 239 969 1043 1055; baseline -0.005 -17"><span class='ocrx_word' id='word_1_18' title='bbox 239 974 330 1038; x_wconf 87' lang='lat' dir='ltr'>Parte</span> <span class='ocrx_word' id='word_1_19' title='bbox 346 971 408 1038; x_wconf 75' lang='lat' dir='ltr'>atis</span> <span class='ocrx_word' id='word_1_20' title='bbox 422 969 595 1036; x_wconf 86' lang='lat' dir='ltr'>horrendus</span> <span class='ocrx_word' id='word_1_21' title='bbox 609 973 678 1034; x_wconf 83' lang='lat' dir='ltr'>visu</span> <span class='ocrx_word' id='word_1_22' title='bbox 693 971 864 1055; x_wconf 79' lang='lat' dir='ltr'><strong>quassabat</strong></span> <span class='ocrx_word' id='word_1_23' title='bbox 878 971 1043 1036; x_wconf 81' lang='lat' dir='ltr'>Etruscam</span> 
     </span>
     <span class='ocr_line' id='line_1_6' title="bbox 239 1073 986 1160; baseline -0.004 -20"><span class='ocrx_word' id='word_1_24' title='bbox 239 1075 359 1154; x_wconf 88' lang='lat' dir='ltr'>Pinum,</span> <span class='ocrx_word' id='word_1_25' title='bbox 372 1087 404 1138; x_wconf 93' lang='lat' dir='ltr'>et</span> <span class='ocrx_word' id='word_1_26' title='bbox 417 1074 577 1138; x_wconf 88' lang='lat' dir='ltr'>fumiferos</span> <span class='ocrx_word' id='word_1_27' title='bbox 592 1073 683 1138; x_wconf 89' lang='lat' dir='ltr'>infert</span> <span class='ocrx_word' id='word_1_28' title='bbox 698 1073 872 1138; x_wconf 82' lang='lat' dir='ltr'>Mezentius</span> <span class='ocrx_word' id='word_1_29' title='bbox 886 1076 986 1160; x_wconf 85' lang='lat' dir='ltr'>ignes.</span> 
     </span>
     <span class='ocr_line' id='line_1_7' title="bbox 227 1173 1054 1262; baseline -0.007 -19"><span class='ocrx_word' id='word_1_30' title='bbox 227 1181 280 1250; x_wconf 77' lang='lat' dir='ltr'>¹At</span> <span class='ocrx_word' id='word_1_31' title='bbox 295 1179 469 1262; x_wconf 82' lang='lat' dir='ltr'>Messapus,</span> <span class='ocrx_word' id='word_1_32' title='bbox 482 1175 597 1261; x_wconf 85' lang='lat' dir='ltr'>equvim</span> <span class='ocrx_word' id='word_1_33' title='bbox 610 1173 753 1254; x_wconf 90' lang='lat' dir='ltr'>domitor,</span> <span class='ocrx_word' id='word_1_34' title='bbox 768 1175 925 1261; x_wconf 82' lang='lat' dir='ltr'>Neptunia</span> <span class='ocrx_word' id='word_1_35' title='bbox 940 1173 1054 1260; x_wconf 88' lang='lat' dir='ltr'>proles,</span> 
     </span>
     <span class='ocr_line' id='line_1_8' title="bbox 239 1276 1005 1363; baseline -0.005 -19"><span class='ocrx_word' id='word_1_36' title='bbox 239 1277 403 1344; x_wconf 90' lang='lat' dir='ltr'>Rescindit</span> <span class='ocrx_word' id='word_1_37' title='bbox 417 1276 542 1358; x_wconf 86' lang='lat' dir='ltr'>vallum,</span> <span class='ocrx_word' id='word_1_38' title='bbox 556 1291 587 1342; x_wconf 94' lang='lat' dir='ltr'>et</span> <span class='ocrx_word' id='word_1_39' title='bbox 600 1276 703 1342; x_wconf 88' lang='lat' dir='ltr'>scalas</span> <span class='ocrx_word' id='word_1_40' title='bbox 718 1276 749 1340; x_wconf 91' lang='lat' dir='ltr'>in</span> <span class='ocrx_word' id='word_1_41' title='bbox 764 1277 878 1342; x_wconf 88' lang='lat' dir='ltr'>moenia</span> <span class='ocrx_word' id='word_1_42' title='bbox 893 1276 1005 1363; x_wconf 84' lang='lat' dir='ltr'>poscil.</span> 
     </span>
     <span class='ocr_line' id='line_1_9' title="bbox 282 1381 1275 1470; baseline -0.003 -19"><span class='ocrx_word' id='word_1_43' title='bbox 282 1383 564 1470; x_wconf 85' lang='lat' dir='ltr'>Vos,oCalliope,</span> <span class='ocrx_word' id='word_1_44' title='bbox 577 1405 701 1470; x_wconf 90' lang='lat' dir='ltr'>precor,</span> <span class='ocrx_word' id='word_1_45' title='bbox 714 1381 874 1470; x_wconf 87' lang='lat' dir='ltr'>adspirate</span> <span class='ocrx_word' id='word_1_46' title='bbox 887 1389 1024 1464; x_wconf 87' lang='lat' dir='ltr'>canenti,</span> <span class='ocrx_word' id='word_1_47' title='bbox 1209 1393 1275 1449; x_wconf 68' lang='lat'>325</span> 
     </span>
     <span class='ocr_line' id='line_1_10' title="bbox 239 1487 1063 1574; baseline -0.002 -20"><span class='ocrx_word' id='word_1_48' title='bbox 239 1491 326 1573; x_wconf 82' lang='lat' dir='ltr'>Quas</span> <span class='ocrx_word' id='word_1_49' title='bbox 341 1489 387 1554; x_wconf 92' lang='lat' dir='ltr'>ibi</span> <span class='ocrx_word' id='word_1_50' title='bbox 401 1501 472 1553; x_wconf 90' lang='lat' dir='ltr'>tunc</span> <span class='ocrx_word' id='word_1_51' title='bbox 487 1489 571 1552; x_wconf 87' lang='lat' dir='ltr'>ferro</span> <span class='ocrx_word' id='word_1_52' title='bbox 584 1501 712 1574; x_wconf 84' lang='lat' dir='ltr'>strages,</span> <span class='ocrx_word' id='word_1_53' title='bbox 727 1507 797 1571; x_wconf 82' lang='lat' dir='ltr'>quoe</span> <span class='ocrx_word' id='word_1_54' title='bbox 812 1487 923 1552; x_wconf 84' lang='lat' dir='ltr'>funera</span> <span class='ocrx_word' id='word_1_55' title='bbox 937 1487 1063 1552; x_wconf 88' lang='lat' dir='ltr'>Turnus</span> 
     </span>
     <span class='ocr_line' id='line_1_11' title="bbox 240 1587 1063 1676; baseline 0.001 -21"><span class='ocrx_word' id='word_1_56' title='bbox 240 1589 395 1672; x_wconf 86' lang='lat' dir='ltr'>Ediderit,</span> <span class='ocrx_word' id='word_1_57' title='bbox 415 1611 507 1676; x_wconf 90' lang='lat' dir='ltr'>quem</span> <span class='ocrx_word' id='word_1_58' title='bbox 522 1593 654 1676; x_wconf 85' lang='lat' dir='ltr'>quisque</span> <span class='ocrx_word' id='word_1_59' title='bbox 668 1591 767 1654; x_wconf 87' lang='lat' dir='ltr'>virum</span> <span class='ocrx_word' id='word_1_60' title='bbox 782 1587 944 1654; x_wconf 85' lang='lat' dir='ltr'>demiserit</span> <span class='ocrx_word' id='word_1_61' title='bbox 958 1589 1063 1670; x_wconf 80' lang='lat' dir='ltr'>Orco;</span> 
     </span>
     <span class='ocr_line' id='line_1_12' title="bbox 238 1691 910 1778; baseline -0.007 -18"><span class='ocrx_word' id='word_1_62' title='bbox 238 1695 280 1760; x_wconf 85' lang='lat' dir='ltr'>Et</span> <span class='ocrx_word' id='word_1_63' title='bbox 294 1715 415 1758; x_wconf 87' lang='lat' dir='ltr'>mecum</span> <span class='ocrx_word' id='word_1_64' title='bbox 430 1697 570 1778; x_wconf 82' lang='lat' dir='ltr'>ingentes</span> <span class='ocrx_word' id='word_1_65' title='bbox 583 1713 655 1756; x_wconf 86' lang='lat' dir='ltr'>oras</span> <span class='ocrx_word' id='word_1_66' title='bbox 669 1691 802 1756; x_wconf 84' lang='lat' dir='ltr'>evolvite</span> <span class='ocrx_word' id='word_1_67' title='bbox 817 1691 910 1758; x_wconf 86' lang='lat' dir='ltr'>belli:</span> 
     </span>
     <span class='ocr_line' id='line_1_13' title="bbox 239 1793 1105 1882; baseline -0.006 -19"><span class='ocrx_word' id='word_1_68' title='bbox 239 1795 296 1882; x_wconf 82' lang='lat' dir='ltr'>[Et</span> <span class='ocrx_word' id='word_1_69' title='bbox 310 1797 491 1862; x_wconf 85' lang='lat' dir='ltr'>meministis</span> <span class='ocrx_word' id='word_1_70' title='bbox 506 1795 598 1874; x_wconf 90' lang='lat' dir='ltr'>enim,</span> <span class='ocrx_word' id='word_1_71' title='bbox 612 1793 700 1874; x_wconf 78' lang='lat' dir='ltr'>dive,</span> <span class='ocrx_word' id='word_1_72' title='bbox 711 1809 743 1858; x_wconf 92' lang='lat' dir='ltr'>et</span> <span class='ocrx_word' id='word_1_73' title='bbox 756 1817 930 1860; x_wconf 86' lang='lat' dir='ltr'>memorare</span> <span class='ocrx_word' id='word_1_74' title='bbox 949 1793 1105 1882; x_wconf 79' lang='lat' dir='ltr'>potestis]</span> 
     </span>
     <span class='ocr_line' id='line_1_14' title="bbox 200 1898 1031 1990; baseline -0.004 -26"><span class='ocrx_word' id='word_1_75' title='bbox 200 1909 241 1990; x_wconf 65' lang='lat' dir='ltr'><em>f</em></span> <span class='ocrx_word' id='word_1_76' title='bbox 283 1901 394 1966; x_wconf 85' lang='lat' dir='ltr'>Turris</span> <span class='ocrx_word' id='word_1_77' title='bbox 407 1912 476 1964; x_wconf 89' lang='lat' dir='ltr'>erat</span> <span class='ocrx_word' id='word_1_78' title='bbox 489 1912 579 1964; x_wconf 87' lang='lat' dir='ltr'>vasto</span> <span class='ocrx_word' id='word_1_79' title='bbox 593 1911 738 1984; x_wconf 90' lang='lat' dir='ltr'>suspectu</span> <span class='ocrx_word' id='word_1_80' title='bbox 752 1912 783 1963; x_wconf 90' lang='lat' dir='ltr'>et</span> <span class='ocrx_word' id='word_1_81' title='bbox 796 1899 941 1984; x_wconf 90' lang='lat' dir='ltr'>pontibus</span> <span class='ocrx_word' id='word_1_82' title='bbox 952 1898 1031 1978; x_wconf 88' lang='lat' dir='ltr'>altis,</span> 
     </span>
     <span class='ocr_line' id='line_1_15' title="bbox 239 2004 1020 2092; baseline -0.006 -21"><span class='ocrx_word' id='word_1_83' title='bbox 239 2004 424 2092; x_wconf 89' lang='lat' dir='ltr'>Opportuna</span> <span class='ocrx_word' id='word_1_84' title='bbox 438 2004 517 2084; x_wconf 91' lang='lat' dir='ltr'>loco,</span> <span class='ocrx_word' id='word_1_85' title='bbox 532 2005 658 2068; x_wconf 88' lang='lat' dir='ltr'>summis</span> <span class='ocrx_word' id='word_1_86' title='bbox 674 2024 766 2088; x_wconf 90' lang='lat' dir='ltr'>quam</span> <span class='ocrx_word' id='word_1_87' title='bbox 781 2004 902 2068; x_wconf 87' lang='lat' dir='ltr'>viribus</span> <span class='ocrx_word' id='word_1_88' title='bbox 913 2025 1020 2068; x_wconf 89' lang='lat' dir='ltr'>omnes</span> 
     </span>
     <span class='ocr_line' id='line_1_16' title="bbox 240 2105 1043 2194; baseline -0.006 -21"><span class='ocrx_word' id='word_1_89' title='bbox 240 2107 432 2194; x_wconf 82' lang='lat' dir='ltr'>Expugnare</span> <span class='ocrx_word' id='word_1_90' title='bbox 447 2107 527 2188; x_wconf 90' lang='lat' dir='ltr'>ltali,</span> <span class='ocrx_word' id='word_1_91' title='bbox 541 2105 722 2190; x_wconf 77' lang='lat' dir='ltr'>summisque</span> <span class='ocrx_word' id='word_1_92' title='bbox 737 2119 879 2171; x_wconf 89' lang='lat' dir='ltr'>evertere</span> <span class='ocrx_word' id='word_1_93' title='bbox 893 2127 987 2192; x_wconf 93' lang='lat' dir='ltr'>opum</span> <span class='ocrx_word' id='word_1_94' title='bbox 1002 2108 1043 2185; x_wconf 91' lang='lat' dir='ltr'>vi,</span> 
     </span>
     <span class='ocr_line' id='line_1_17' title="bbox 241 2209 959 2290; baseline -0.001 -15"><span class='ocrx_word' id='word_1_95' title='bbox 241 2211 425 2290; x_wconf 84' lang='lat' dir='ltr'>Certabant,</span> <span class='ocrx_word' id='word_1_96' title='bbox 439 2209 540 2274; x_wconf 70' lang='lat' dir='ltr'>Troes</span> <span class='ocrx_word' id='word_1_97' title='bbox 554 2209 665 2274; x_wconf 76' lang='lat' dir='ltr'>contra</span> <span class='ocrx_word' id='word_1_98' title='bbox 678 2209 849 2274; x_wconf 81' lang='lat' dir='ltr'>defendere</span> <span class='ocrx_word' id='word_1_99' title='bbox 863 2213 959 2289; x_wconf 87' lang='lat' dir='ltr'>saxis,</span> 
     </span>
     <span class='ocr_line' id='line_1_18' title="bbox 242 2313 1027 2402; baseline -0.003 -21"><span class='ocrx_word' id='word_1_100' title='bbox 242 2317 364 2402; x_wconf 87' lang='lat' dir='ltr'>Perque</span> <span class='ocrx_word' id='word_1_101' title='bbox 378 2337 476 2380; x_wconf 90' lang='lat' dir='ltr'>cavas</span> <span class='ocrx_word' id='word_1_102' title='bbox 489 2313 579 2396; x_wconf 88' lang='lat' dir='ltr'>densi</span> <span class='ocrx_word' id='word_1_103' title='bbox 594 2313 656 2379; x_wconf 90' lang='lat' dir='ltr'>tela</span> <span class='ocrx_word' id='word_1_104' title='bbox 672 2317 849 2400; x_wconf 85' lang='lat' dir='ltr'>intorquere</span> <span class='ocrx_word' id='word_1_105' title='bbox 863 2313 1027 2380; x_wconf 80' lang='lat' dir='ltr'>fenestras.</span> 
     </span>
     <span class='ocr_line' id='line_1_19' title="bbox 241 2417 1028 2504; baseline -0.001 -20"><span class='ocrx_word' id='word_1_106' title='bbox 241 2419 394 2504; x_wconf 88' lang='lat' dir='ltr'>Princeps</span> <span class='ocrx_word' id='word_1_107' title='bbox 408 2417 568 2484; x_wconf 88' lang='lat' dir='ltr'>ardentem</span> <span class='ocrx_word' id='word_1_108' title='bbox 583 2418 716 2504; x_wconf 89' lang='lat' dir='ltr'>conjecit</span> <span class='ocrx_word' id='word_1_109' title='bbox 731 2417 877 2504; x_wconf 86' lang='lat' dir='ltr'>lampada</span> <span class='ocrx_word' id='word_1_110' title='bbox 892 2419 1028 2500; x_wconf 88' lang='lat' dir='ltr'>Turnus,</span> 
     </span>
     <span class='ocr_line' id='line_1_20' title="bbox 242 2518 1022 2606; baseline -0.001 -21"><span class='ocrx_word' id='word_1_111' title='bbox 242 2520 284 2586; x_wconf 85' lang='lat' dir='ltr'>Et</span> <span class='ocrx_word' id='word_1_112' title='bbox 298 2521 452 2586; x_wconf 88' lang='lat' dir='ltr'>flammam</span> <span class='ocrx_word' id='word_1_113' title='bbox 467 2519 564 2586; x_wconf 85' lang='lat' dir='ltr'>affixit</span> <span class='ocrx_word' id='word_1_114' title='bbox 579 2519 677 2600; x_wconf 87' lang='lat' dir='ltr'>lateri,</span> <span class='ocrx_word' id='word_1_115' title='bbox 692 2540 762 2604; x_wconf 75' lang='lat' dir='ltr'>qus&gt;</span> <span class='ocrx_word' id='word_1_116' title='bbox 781 2518 914 2606; x_wconf 88' lang='lat' dir='ltr'>plurima</span> <span class='ocrx_word' id='word_1_117' title='bbox 930 2535 1022 2585; x_wconf 89' lang='lat' dir='ltr'>vento</span> 
     </span>
     <span class='ocr_line' id='line_1_21' title="bbox 244 2621 985 2710; baseline -0.001 -22"><span class='ocrx_word' id='word_1_118' title='bbox 244 2625 404 2710; x_wconf 86' lang='lat' dir='ltr'>Corripuit</span> <span class='ocrx_word' id='word_1_119' title='bbox 418 2621 552 2702; x_wconf 87' lang='lat' dir='ltr'>tabulas,</span> <span class='ocrx_word' id='word_1_120' title='bbox 566 2637 597 2687; x_wconf 94' lang='lat' dir='ltr'>et</span> <span class='ocrx_word' id='word_1_121' title='bbox 611 2623 752 2710; x_wconf 84' lang='lat' dir='ltr'>postibus</span> <span class='ocrx_word' id='word_1_122' title='bbox 767 2623 856 2688; x_wconf 78' lang='lat' dir='ltr'>haesit</span> <span class='ocrx_word' id='word_1_123' title='bbox 871 2622 985 2690; x_wconf 84' lang='lat' dir='ltr'>adesis.</span> 
     </span>
     <span class='ocr_line' id='line_1_22' title="bbox 241 2725 1013 2811; baseline 0.001 -20"><span class='ocrx_word' id='word_1_124' title='bbox 241 2727 376 2792; x_wconf 90' lang='lat' dir='ltr'>Turbati</span> <span class='ocrx_word' id='word_1_125' title='bbox 392 2725 550 2811; x_wconf 86' lang='lat' dir='ltr'>trepidare</span> <span class='ocrx_word' id='word_1_126' title='bbox 564 2727 654 2808; x_wconf 90' lang='lat' dir='ltr'>intus,</span> <span class='ocrx_word' id='word_1_127' title='bbox 668 2728 844 2811; x_wconf 85' lang='lat' dir='ltr'>frustraque</span> <span class='ocrx_word' id='word_1_128' title='bbox 860 2725 1013 2793; x_wconf 89' lang='lat' dir='ltr'>malorum</span> 
     </span>
     <span class='ocr_line' id='line_1_23' title="bbox 243 2815 1138 2920; baseline 0.002 -24"><span class='ocrx_word' id='word_1_129' title='bbox 243 2831 338 2897; x_wconf 89' lang='lat' dir='ltr'>Velle</span> <span class='ocrx_word' id='word_1_130' title='bbox 353 2833 476 2919; x_wconf 84' lang='lat' dir='ltr'>fugam:</span> <span class='ocrx_word' id='word_1_131' title='bbox 500 2833 573 2898; x_wconf 91' lang='lat' dir='ltr'>dum</span> <span class='ocrx_word' id='word_1_132' title='bbox 588 2815 621 2898; x_wconf 77' lang='lat' dir='ltr'>se</span> <span class='ocrx_word' id='word_1_133' title='bbox 636 2833 818 2920; x_wconf 86' lang='lat' dir='ltr'>glomerant,</span> <span class='ocrx_word' id='word_1_134' title='bbox 833 2845 981 2919; x_wconf 88' lang='lat' dir='ltr'>retroque</span> <span class='ocrx_word' id='word_1_135' title='bbox 996 2833 1138 2900; x_wconf 87' lang='lat' dir='ltr'>residunt</span> 
     </span>
     <span class='ocr_line' id='line_1_24' title="bbox 243 2936 1054 3022; baseline 0.001 -22"><span class='ocrx_word' id='word_1_136' title='bbox 243 2937 279 3000; x_wconf 91' lang='lat' dir='ltr'>ln</span> <span class='ocrx_word' id='word_1_137' title='bbox 293 2949 414 3022; x_wconf 85' lang='lat' dir='ltr'>partem</span> <span class='ocrx_word' id='word_1_138' title='bbox 429 2957 498 3022; x_wconf 78' lang='lat' dir='ltr'>quae</span> <span class='ocrx_word' id='word_1_139' title='bbox 513 2951 600 3021; x_wconf 89' lang='lat' dir='ltr'>peste</span> <span class='ocrx_word' id='word_1_140' title='bbox 615 2949 713 3016; x_wconf 86' lang='lat' dir='ltr'>caret,</span> <span class='ocrx_word' id='word_1_141' title='bbox 726 2947 790 3000; x_wconf 91' lang='lat' dir='ltr'>tum</span> <span class='ocrx_word' id='word_1_142' title='bbox 805 2936 945 3022; x_wconf 89' lang='lat' dir='ltr'>pondere</span> <span class='ocrx_word' id='word_1_143' title='bbox 960 2941 1054 3002; x_wconf 88' lang='lat' dir='ltr'>turris</span> 
     </span>
     <span class='ocr_line' id='line_1_25' title="bbox 244 3039 1072 3128; baseline -0.002 -22"><span class='ocrx_word' id='word_1_144' title='bbox 244 3041 414 3106; x_wconf 89' lang='lat' dir='ltr'>Procubuit</span> <span class='ocrx_word' id='word_1_145' title='bbox 429 3039 540 3121; x_wconf 81' lang='lat' dir='ltr'>subitb,</span> <span class='ocrx_word' id='word_1_146' title='bbox 555 3053 585 3104; x_wconf 92' lang='lat' dir='ltr'>et</span> <span class='ocrx_word' id='word_1_147' title='bbox 600 3039 713 3104; x_wconf 83' lang='lat' dir='ltr'>coelum</span> <span class='ocrx_word' id='word_1_148' title='bbox 729 3053 816 3106; x_wconf 91' lang='lat' dir='ltr'>tonat</span> <span class='ocrx_word' id='word_1_149' title='bbox 829 3061 921 3106; x_wconf 88' lang='lat' dir='ltr'>omne</span> <span class='ocrx_word' id='word_1_150' title='bbox 937 3043 1072 3128; x_wconf 86' lang='lat' dir='ltr'>fragore&#39;.</span> 
     </span>
     <span class='ocr_line' id='line_1_26' title="bbox 245 3141 988 3224; baseline 0 -16"><span class='ocrx_word' id='word_1_151' title='bbox 245 3143 423 3208; x_wconf 84' lang='lat' dir='ltr'>Semineces</span> <span class='ocrx_word' id='word_1_152' title='bbox 438 3141 479 3208; x_wconf 89' lang='lat' dir='ltr'>ad</span> <span class='ocrx_word' id='word_1_153' title='bbox 494 3156 620 3223; x_wconf 87' lang='lat' dir='ltr'>terram,</span> <span class='ocrx_word' id='word_1_154' title='bbox 634 3143 759 3208; x_wconf 90' lang='lat' dir='ltr'>immani</span> <span class='ocrx_word' id='word_1_155' title='bbox 775 3142 856 3208; x_wconf 92' lang='lat' dir='ltr'>mole</span> <span class='ocrx_word' id='word_1_156' title='bbox 872 3143 988 3224; x_wconf 73' lang='lat' dir='ltr'>secuti,</span> 
     </span>
     <span class='ocr_line' id='line_1_27' title="bbox 245 3244 888 3332; baseline 0.003 -21"><span class='ocrx_word' id='word_1_157' title='bbox 245 3247 434 3332; x_wconf 85' lang='lat' dir='ltr'>Confirique</span> <span class='ocrx_word' id='word_1_158' title='bbox 449 3247 511 3310; x_wconf 91' lang='lat' dir='ltr'>suis</span> <span class='ocrx_word' id='word_1_159' title='bbox 525 3244 603 3326; x_wconf 89' lang='lat' dir='ltr'>telis,</span> <span class='ocrx_word' id='word_1_160' title='bbox 618 3260 649 3310; x_wconf 85' lang='lat' dir='ltr'>et</span> <span class='ocrx_word' id='word_1_161' title='bbox 663 3260 793 3332; x_wconf 85' lang='lat' dir='ltr'>pectora</span> <span class='ocrx_word' id='word_1_162' title='bbox 807 3245 888 3314; x_wconf 90' lang='lat' dir='ltr'>duro</span> 
     </span>
     <span class='ocr_line' id='line_1_28' title="bbox 245 3349 1055 3438; baseline -0.004 -21"><span class='ocrx_word' id='word_1_163' title='bbox 245 3351 424 3417; x_wconf 83' lang='lat' dir='ltr'>&#39;Pransfossi</span> <span class='ocrx_word' id='word_1_164' title='bbox 438 3349 530 3438; x_wconf 86' lang='lat' dir='ltr'>ligno,</span> <span class='ocrx_word' id='word_1_165' title='bbox 546 3353 683 3414; x_wconf 90' lang='lat' dir='ltr'>veniunt.</span> <span class='ocrx_word' id='word_1_166' title='bbox 726 3349 793 3415; x_wconf 82' lang='lat' dir='ltr'>Vix</span> <span class='ocrx_word' id='word_1_167' title='bbox 808 3373 887 3414; x_wconf 91' lang='lat' dir='ltr'>unus</span> <span class='ocrx_word' id='word_1_168' title='bbox 903 3349 1055 3431; x_wconf 87' lang='lat' dir='ltr'>Helenor,</span> 
     </span>
     <span class='ocr_line' id='line_1_29' title="bbox 244 3450 1281 3540; baseline -0.002 -21"><span class='ocrx_word' id='word_1_169' title='bbox 244 3455 287 3520; x_wconf 85' lang='lat' dir='ltr'>Et</span> <span class='ocrx_word' id='word_1_170' title='bbox 300 3454 419 3540; x_wconf 78' lang='lat' dir='ltr'>Lycus,</span> <span class='ocrx_word' id='word_1_171' title='bbox 433 3452 551 3538; x_wconf 80' lang='lat' dir='ltr'>elapsi3</span> <span class='ocrx_word' id='word_1_172' title='bbox 573 3472 704 3537; x_wconf 86' lang='lat' dir='ltr'>quorum</span> <span class='ocrx_word' id='word_1_173' title='bbox 719 3451 884 3536; x_wconf 86' lang='lat' dir='ltr'>primaevus</span> <span class='ocrx_word' id='word_1_174' title='bbox 899 3450 1051 3530; x_wconf 89' lang='lat' dir='ltr'>Helenor,</span> <span class='ocrx_word' id='word_1_175' title='bbox 1216 3461 1281 3518; x_wconf 81' lang='lat'>⁵45</span> 
     </span>
     <span class='ocr_line' id='line_1_30' title="bbox 247 3555 1270 3642; baseline -0.006 -20"><span class='ocrx_word' id='word_1_176' title='bbox 247 3557 383 3622; x_wconf 85' lang='lat' dir='ltr'>Maeonio</span> <span class='ocrx_word' id='word_1_177' title='bbox 397 3557 463 3642; x_wconf 85' lang='lat' dir='ltr'>regi</span> <span class='ocrx_word' id='word_1_178' title='bbox 479 3577 571 3640; x_wconf 91' lang='lat' dir='ltr'>quem</span> <span class='ocrx_word' id='word_1_179' title='bbox 586 3576 679 3620; x_wconf 87' lang='lat' dir='ltr'>serva</span> <span class='ocrx_word' id='word_1_180' title='bbox 694 3555 860 3641; x_wconf 85' lang='lat' dir='ltr'>Licymnia</span> <span class='ocrx_word' id='word_1_181' title='bbox 878 3555 980 3618; x_wconf 87' lang='lat' dir='ltr'>furtim</span> <span class='ocrx_word' id='word_1_182' title='bbox 1268 3563 1270 3568; x_wconf 83' lang='grc'>’</span> 
     </span>
    </p>
   </div>
   <div class='ocr_carea' id='block_1_3' title="bbox 247 3655 1288 4259">
    <p class='ocr_par' dir='ltr' id='par_1_3' title="bbox 247 3655 1068 3744">
     <span class='ocr_line' id='line_1_31' title="bbox 247 3655 1068 3744; baseline -0.006 -20"><span class='ocrx_word' id='word_1_183' title='bbox 247 3658 428 3737; x_wconf 87' lang='lat' dir='ltr'>Sustulerat,</span> <span class='ocrx_word' id='word_1_184' title='bbox 442 3658 607 3742; x_wconf 88' lang='lat' dir='ltr'>vetitisque</span> <span class='ocrx_word' id='word_1_185' title='bbox 622 3655 663 3722; x_wconf 90' lang='lat' dir='ltr'>ad</span> <span class='ocrx_word' id='word_1_186' title='bbox 678 3657 807 3744; x_wconf 68' lang='lat' dir='ltr'>&#39;Ibojam</span> <span class='ocrx_word' id='word_1_187' title='bbox 823 3659 950 3720; x_wconf 87' lang='lat' dir='ltr'>miserat</span> <span class='ocrx_word' id='word_1_188' title='bbox 965 3655 1068 3736; x_wconf 88' lang='lat' dir='ltr'>armis,</span> 
     </span>
    </p>

    <p class='ocr_par' dir='ltr' id='par_1_4' title="bbox 247 3757 983 3847">
     <span class='ocr_line' id='line_1_32' title="bbox 247 3757 983 3847; baseline -0.004 -21"><span class='ocrx_word' id='word_1_189' title='bbox 247 3761 331 3826; x_wconf 87' lang='lat' dir='ltr'>Ense</span> <span class='ocrx_word' id='word_1_190' title='bbox 345 3761 423 3826; x_wconf 89' lang='lat' dir='ltr'>levis</span> <span class='ocrx_word' id='word_1_191' title='bbox 437 3758 531 3841; x_wconf 88' lang='lat' dir='ltr'>nudo,</span> <span class='ocrx_word' id='word_1_192' title='bbox 544 3759 716 3847; x_wconf 74' lang='lat' dir='ltr'>pararique</span> <span class='ocrx_word' id='word_1_193' title='bbox 731 3759 881 3846; x_wconf 87' lang='lat' dir='ltr'>inglorius</span> <span class='ocrx_word' id='word_1_194' title='bbox 898 3757 983 3824; x_wconf 77' lang='lat' dir='ltr'>albi.</span> 
     </span>
    </p>

    <p class='ocr_par' dir='ltr' id='par_1_5' title="bbox 247 3863 1004 3948">
     <span class='ocr_line' id='line_1_33' title="bbox 247 3863 1004 3948; baseline -0.003 -20"><span class='ocrx_word' id='word_1_195' title='bbox 247 3863 340 3948; x_wconf 90' lang='lat' dir='ltr'>lsque</span> <span class='ocrx_word' id='word_1_196' title='bbox 354 3864 409 3929; x_wconf 92' lang='lat' dir='ltr'>ubi</span> <span class='ocrx_word' id='word_1_197' title='bbox 425 3883 459 3928; x_wconf 88' lang='lat' dir='ltr'>se</span> <span class='ocrx_word' id='word_1_198' title='bbox 473 3863 573 3928; x_wconf 88' lang='lat' dir='ltr'>Turni</span> <span class='ocrx_word' id='word_1_199' title='bbox 590 3865 693 3928; x_wconf 88' lang='lat' dir='ltr'>media</span> <span class='ocrx_word' id='word_1_200' title='bbox 709 3867 790 3928; x_wconf 88' lang='lat' dir='ltr'>inter</span> <span class='ocrx_word' id='word_1_201' title='bbox 805 3863 903 3928; x_wconf 86' lang='lat' dir='ltr'>millia</span> <span class='ocrx_word' id='word_1_202' title='bbox 918 3863 1004 3943; x_wconf 90' lang='lat' dir='ltr'>vidit,</span> 
     </span>
    </p>

    <p class='ocr_par' dir='ltr' id='par_1_6' title="bbox 248 3965 1288 4157">
     <span class='ocr_line' id='line_1_34' title="bbox 248 3965 1288 4052; baseline -0.002 -19"><span class='ocrx_word' id='word_1_203' title='bbox 248 3969 335 4033; x_wconf 90' lang='lat' dir='ltr'>Hinc</span> <span class='ocrx_word' id='word_1_204' title='bbox 349 3968 434 4032; x_wconf 89' lang='lat' dir='ltr'>acies</span> <span class='ocrx_word' id='word_1_205' title='bbox 450 3981 543 4052; x_wconf 87' lang='lat' dir='ltr'>atque</span> <span class='ocrx_word' id='word_1_206' title='bbox 559 3967 630 4032; x_wconf 72' lang='lat' dir='ltr'>hinc</span> <span class='ocrx_word' id='word_1_207' title='bbox 645 3967 729 4032; x_wconf 88' lang='lat' dir='ltr'>acies</span> <span class='ocrx_word' id='word_1_208' title='bbox 744 3965 869 4032; x_wconf 88' lang='lat' dir='ltr'>adstare</span> <span class='ocrx_word' id='word_1_209' title='bbox 884 3965 1031 4047; x_wconf 78' lang='lat' dir='ltr'>Latinas3</span> <span class='ocrx_word' id='word_1_210' title='bbox 1219 3973 1288 4031; x_wconf 82' lang='lat'>⁵50</span> 
     </span>
     <span class='ocr_line' id='line_1_35' title="bbox 248 4065 999 4157; baseline -0.005 -23"><span class='ocrx_word' id='word_1_211' title='bbox 248 4067 293 4134; x_wconf 87' lang='lat' dir='ltr'>Ut</span> <span class='ocrx_word' id='word_1_212' title='bbox 307 4071 384 4150; x_wconf 87' lang='lat' dir='ltr'>fera,</span> <span class='ocrx_word' id='word_1_213' title='bbox 399 4093 468 4157; x_wconf 86' lang='lat' dir='ltr'>quae</span> <span class='ocrx_word' id='word_1_214' title='bbox 484 4069 582 4136; x_wconf 75' lang='lat' dir='ltr'>deusd</span> <span class='ocrx_word' id='word_1_215' title='bbox 597 4068 763 4136; x_wconf 79' lang='lat' dir='ltr'>venantium</span> <span class='ocrx_word' id='word_1_216' title='bbox 778 4083 866 4154; x_wconf 89' lang='lat' dir='ltr'>septa</span> <span class='ocrx_word' id='word_1_217' title='bbox 880 4065 999 4133; x_wconf 72' lang='lat' dir='ltr'>coronis</span> 
     </span>
    </p>

    <p class='ocr_par' dir='ltr' id='par_1_7' title="bbox 250 4173 1019 4259">
     <span class='ocr_line' id='line_1_36' title="bbox 250 4173 1019 4259; baseline -0.001 -23"><span class='ocrx_word' id='word_1_218' title='bbox 250 4173 369 4241; x_wconf 88' lang='lat' dir='ltr'>Contra</span> <span class='ocrx_word' id='word_1_219' title='bbox 385 4173 447 4238; x_wconf 90' lang='lat' dir='ltr'>tela</span> <span class='ocrx_word' id='word_1_220' title='bbox 461 4173 544 4252; x_wconf 85' lang='lat' dir='ltr'>furit,</span> <span class='ocrx_word' id='word_1_221' title='bbox 559 4193 690 4259; x_wconf 88' lang='lat' dir='ltr'>seseque</span> <span class='ocrx_word' id='word_1_222' title='bbox 706 4173 790 4240; x_wconf 88' lang='lat' dir='ltr'>baud</span> <span class='ocrx_word' id='word_1_223' title='bbox 806 4176 913 4239; x_wconf 87' lang='lat' dir='ltr'>nescia</span> <span class='ocrx_word' id='word_1_224' title='bbox 928 4175 1019 4236; x_wconf 85' lang='lat' dir='ltr'>morti</span> 
     </span>
    </p>
   </div>
   <div class='ocr_carea' id='block_1_4' title="bbox 0 0 1503 5124">
    <p class='ocr_par' dir='ltr' id='par_1_8' title="bbox 0 0 1503 5124">
     <span class='ocr_line' id='line_1_37' title="bbox 0 0 1503 5124; baseline 0 0"><span class='ocrx_word' id='word_1_225' title='bbox 0 0 1503 5124; x_wconf 95' lang='lat' dir='ltr'> </span> 
     </span>
    </p>
   </div>
  </div>
 </body>
</html>
