2978 5124
204 515 266 572 810
643 505 832 568 AENEIDOS

248 671 406 738 Demens!
428 669 481 756 qui
498 667 645 734 Rutulum
660 671 692 732 in
706 665 886 732 medionon
902 670 1024 754 agmine
1037 687 1143 755 regem

249 775 373 842 Viderit
387 775 617 858 irrumpentem,
630 771 772 855 ultroque
787 768 949 833 incluserit
962 771 1044 852 urbi,

249 879 418 944 lmmanem
432 875 528 940 veluti
542 893 660 960 pecora·
671 877 753 938 inter
767 875 878 937 inertia
889 875 1004 958 tigrim.

249 981 404 1048 Continuo
418 1001 498 1044 nova
514 978 565 1042 lux
580 977 679 1042 oculis
694 974 817 1056 effulsit,
831 989 862 1040 et
877 995 965 1040 arma

248 1082 451 1152 Horrendirm
466 1081 618 1161 sonuire3
639 1093 772 1144 tremunt
785 1083 818 1144 in
833 1079 950 1144 vertice
963 1081 1067 1144 criste

249 1189 441 1276 Sanguinem,
455 1185 632 1271 clypeoque
647 1183 793 1249 micando
808 1180 937 1246 fulmina
952 1182 1053 1247 mittit.

247 1294 426 1379 Agnoscunt
441 1289 552 1353 faciem
568 1289 700 1351 invisam
716 1299 809 1371 atque
823 1285 971 1350 immania
985 1286 1127 1351 membra

244 1395 380 1460 'Turbati
394 1391 496 1458 subito
511 1389 669 1456 AEneadae.
713 1389 794 1454 'tum
811 1387 972 1454 Pandarus
986 1391 1095 1476 ingens
1199 1395 1276 1455 -785

247 1501 379 1580 Emicat,
394 1511 433 1578 et,
448 1497 553 1561 mortis
568 1495 712 1560 fraternae
728 1491 866 1558 fervidus
881 1491 939 1571 iri,

247 1601 385 1669 Ellatur:
409 1600 479 1665 Non
496 1598 565 1663 haec
579 1597 691 1662 dotalis
707 1597 792 1682 regia
807 1600 939 1676 Amatae,

245 1705 314 1770 Nec
327 1705 421 1768 muris
435 1701 563 1767 cohibet
578 1699 688 1786 patriis
702 1698 807 1764 media
822 1697 931 1763 Ardea
945 1699 1105 1766 Turnum:

245 1811 359 1874 Castra
373 1808 499 1872 inimica
514 1803 622 1884 vides3
644 1803 729 1868 nulla
744 1803 816 1868 hinc
831 1808 920 1867 exire
935 1817 1083 1889 potestas.
1115 1877 1119 1882 .

243 1911 309 1976 Olli
323 1909 488 1974 subridens
503 1907 611 1972 sedato
626 1921 752 1993 pectore
768 1905 910 1970 Turnus:

244 2016 361 2100 Incipe,
376 2015 402 2076 si
417 2033 479 2098 qua
493 2012 595 2076 animo
609 2014 716 2090 virtus,
731 2023 761 2074 et
776 2031 906 2076 consere
920 2010 1083 2090 dextraru3

244 2119 311 2185 Hic
326 2121 418 2182 etlam
432 2115 590 2180 inventum
606 2113 728 2178 Priamo
741 2115 889 2179 narrabis
905 2113 1070 2180 Achillem.

242 2219 397 2286 Dixerat':
420 2215 472 2281 ille
486 2215 595 2280 rudem
611 2215 700 2280 nodis
716 2230 746 2280 et
760 2219 879 2281 cortice
894 2215 993 2280 crudo

240 2322 401 2406 intorquet
414 2318 539 2382 summis
555 2316 685 2382 adnixus
700 2317 817 2381 viribus
833 2317 964 2382 hastam.

242 2423 409 2509 Excepere
424 2441 508 2486 aurae
523 2419 652 2500 vulnus;
675 2420 818 2484 Saturnia
831 2420 914 2484 Juno

241 2531 382 2598 Detorsit
396 2531 541 2610 veniens3
562 2543 722 2614 portaeque
738 2529 873 2616 infigitur
886 2527 988 2594 hasta.

241 2637 284 2698 At
298 2656 357 2698 non
373 2631 432 2696 hoc
448 2631 552 2712 telum,
567 2653 637 2695 mea
651 2630 736 2716 quod
747 2631 782 2694 vi
796 2630 928 2698 dextera
946 2647 1060 2714 versat,

241 2734 398 2822 Effugies;
418 2755 519 2819 neque
535 2737 616 2798 enirn
632 2735 657 2797 is
672 2734 725 2797 teli
739 2755 797 2811 nec
812 2735 946 2801 vulneris
961 2749 1080 2802 auctor.
1179 2782 1184 2792 -

239 2839 295 2902 Sic
310 2841 363 2917 ait,
378 2849 408 2900 et
422 2835 574 2900 sublatum
591 2831 653 2899 alte
667 2837 824 2922 consurgit
837 2837 868 2902 in
883 2859 997 2918 ensem,

241 2939 282 3005 Et
296 2937 431 3004 mediam
446 2938 529 3002 ferro
543 2942 666 3023 gemina
680 2939 761 3003 inter
775 2953 916 3025 tempora
931 2942 1063 3008 frontem

240 3039 362 3104 Dividit
374 3039 579 3124 impubesque
594 3039 719 3104 immani
734 3038 863 3105 vulnere
879 3042 990 3107 malas.

240 3141 291 3208 Fit
305 3165 417 3224 sonus3
438 3147 553 3230 ingenti
569 3164 720 3207 concussa
732 3149 781 3208 ‚e'st
794 3143 934 3230 pondere
949 3144 1057 3212 tellust

192 3309 195 3316 .
238 3245 405 3332 Collapsos
419 3259 504 3311 artus
518 3259 611 3332 atque
627 3267 714 3310 arma
728 3261 858 3313 cruenta
872 3250 1008 3314 cerebro

239 3350 355 3414 Sternit
370 3349 453 3414 humi
468 3351 617 3430 moriens;
639 3363 731 3436 atque
747 3350 792 3415 illi
805 3354 946 3437 partibus
961 3355 1058 3440 aequis

239 3451 314 3518 Huc
328 3463 422 3538 caput
437 3465 530 3536 atque
545 3450 618 3516 illuc
634 3451 763 3518 humero
779 3474 819 3518 ex
834 3469 965 3541 utroque
979 3455 1139 3544 pependit.

280 3553 453 3642 Diffugiunt
467 3559 550 3620 versi
564 3555 687 3642 trepida
702 3557 866 3623 formidine
882 3559 1000 3625 Trois:

237 3657 289 3740 Et,
303 3661 329 3722 si
344 3657 489 3724 continuo
503 3659 651 3724 victorem
667 3681 705 3724 ea
719 3681 795 3724 eura
810 3661 943 3726 subisset

238 3759 396 3846 Rumpere
412 3759 546 3826 claustra
562 3783 664 3841 manu,
678 3761 840 3848 sociosque
855 3765 1022 3831 immittere
1036 3767 1142 3853 portis,

236 3861 372 3926 Ultimus
387 3861 438 3928 ille
454 3862 522 3928 dies
537 3863 621 3928 bello
635 3866 781 3951 gentique
795 3865 920 3946 fuisset3

233 3965 299 4031 Sed
314 3967 399 4031 furor
414 3965 575 4032 ardentem
590 3967 748 4054 cedisque
762 3971 871 4034 insana
885 3969 1000 4056 cupido

236 4069 308 4156 Egit
321 4072 353 4132 in
365 4068 528 4134 adversos.

236 4171 393 4257 Principio
409 4171 566 4240 Phalerim
581 4184 612 4237 et
626 4175 745 4240 succiso
760 4173 878 4263 poplite
892 4177 1006 4266 Gygen
