2914 5130
181 516 239 574 206
625 509 815 571 AENEIDOS

223 670 381 750 AEtheriis‚
395 669 553 754 fixamque
567 668 664 734 refert
676 667 807 754 delapsu
820 667 973 753 sagittam.
987 726 993 735 ,

219 773 343 838 Amissi
357 772 441 838 solus
456 771 560 858 palmis
575 772 745 858 superabat
759 775 908 853 Acesten
965 755 975 772 i

220 879 283 960 Qui
299 891 402 942 tumen
417 880 521 942 obrias
535 875 631 942 telum
645 876 804 942 contendit
818 881 968 959 inauras,

220 981 387 1044 Ostentans
402 991 563 1064 artemque
577 991 677 1064 puter,
691 1001 861 1065 arcumque
874 992 1047 1046 sonaruem.

222 1085 289 1150 Hic
303 1083 402 1149 oculis
417 1085 551 1150 subitum
565 1083 711 1170 objicitur
724 1105 899 1171 magnoque
914 1087 1053 1150 inunum

222 1188 360 1274 Auguria
375 1201 563 1252 morutrum:
586 1172 692 1252 docuit
705 1185 777 1272 prist
791 1191 892 1252 exitus
908 1188 1035 1276 ingens3

223 1292 362 1376 Seruquo
377 1289 503 1355 terrifici
516 1293 699 1354 cecinerunt
710 1291 816 1354 omina
830 1302 930 1356 vates.

221 1391 365 1478 Namque
379 1391 489 1458 volans
503 1389 629 1476 liquidis
643 1391 674 1454 in
688 1389 823 1456 nubibus
838 1395 915 1456 arsit
935 1391 1065 1474 aurudo,

203 1511 211 1520 ”
223 1498 423 1584 signavitque
438 1500 523 1561 viam
537 1495 679 1573 flammis,
693 1505 864 1578 tenuesque
878 1499 1011 1560 recessit

222 1601 415 1687 Consumpto
429 1600 460 1665 in
474 1612 603 1664 ventos:
625 1597 707 1662 coeio
720 1619 780 1662 ceu
794 1599 879 1684 saepis
892 1598 994 1662 refixa

222 1703 452 1768 Transcurrunt
466 1703 648 1786 crinemque
662 1697 800 1764 volantia
813 1699 919 1764 sidera
933 1699 1062 1766 ductmt.

223 1807 369 1872 Attonitis
385 1803 506 1870 haesere
521 1807 643 1884 animis,
657 1825 850 1890 superosque
863 1806 993 1890 precati,

222 1911 380 1974 Trinacrii
395 1909 574 1992 Teucrique
589 1906 666 1970 viri:
689 1929 748 1972 nec
762 1907 918 1972 maximus
930 1929 1023 1972 omen

223 2013 340 2076 Abnuit
355 2011 489 2090 AEneas3
511 2007 568 2075 sod
583 2009 687 2074 iaetum
701 2008 864 2096 ampiexus
879 2013 1016 2074 Acesten

223 2114 405 2180 Muneribus
419 2111 556 2178 cumulet
569 2115 700 2199 magnis,
714 2133 753 2177 ac
767 2111 845 2178 talia
858 2115 960 2176 turn:

222 2217 326 2296 Sume,
340 2229 445 2301 pater3
468 2235 539 2280 nam
553 2227 585 2278 te
598 2211 696 2280 voluit
710 2235 769 2278 rex
783 2235 913 2302 magnus
927 2213 1058 2301 Olympi

221 2317 351 2383 Talibus
366 2317 511 2404 auspiciis
524 2331 682 2382 exsortem
696 2315 813 2382 ducere
828 2317 973 2383 honores.

222 2423 323 2508 Ipsius
338 2421 484 2486 Anchise
499 2419 631 2506 longaevi
646 2420 706 2486 hoc
721 2443 832 2486 munus
846 2421 991 2502 habebis,

223 2523 357 2588 Cretera
370 2525 555 2608 impressum
569 2521 673 2607 signis,
687 2511 780 2606 quem
795 2522 950 2588 Thracius
969 2522 1043 2588 olim

222 2627 369 2691 Anchise
384 2623 515 2712 genitori
530 2627 562 2688 iu
577 2645 688 2709 magno
703 2645 830 2690 munere
845 2625 972 2690 Cisseus

222 2731 320 2794 Ferre
333 2730 381 2794 sui
394 2726 526 2793 dederat
540 2741 769 2792 monumentum
783 2739 814 2792 et
828 2729 938 2814 pignus
952 2728 1078 2792 amoris.

222 2835 275 2898 Sic
290 2833 380 2914 fatus,
393 2831 488 2918 cingit
501 2829 648 2898 viridanti
660 2843 803 2916 tempora
818 2831 916 2912 lauro,

221 2938 263 3004 Et
277 2941 410 3023 primum
426 2948 498 3000 ante
512 2957 619 3002 omues
633 2936 782 3000 victorem
795 2934 934 3021 appellat
948 2938 1095 3002 Acesten.
1192 2943 1256 3000 540

221 3042 290 3107 Nec
305 3041 403 3106 bonus
418 3040 572 3127 Eurytion
586 3039 718 3126 praelato
730 3038 842 3104 invidit
856 3038 976 3120 honori,

221 3143 371 3227 Quamvis
386 3142 470 3208 solus
484 3163 575 3208 arem
589 3140 670 3210 ereio
684 3141 799 3230 dejecit
812 3141 855 3208 ab
869 3141 944 3208 alto.

223 3247 385 3311 Proximus
400 3245 572 3334 ingreditur
586 3244 685 3327 donis,
699 3249 754 3330 qui
768 3243 894 3312 vincula
907 3248 1011 3330 rupit:

221 3351 398 3430 Extremus,
413 3348 532 3414 volucri
547 3353 601 3435 qui
617 3349 686 3414 fixit
699 3347 851 3416 arundine
866 3347 992 3414 malum.

264 3456 305 3517 At
319 3465 410 3538 pater
425 3451 550 3532 AEneas‚
563 3449 699 3518 nondum
712 3454 883 3518 certamine
897 3451 999 3532 misso,

222 3555 393 3621 Custodem
408 3554 448 3620 ad
464 3577 533 3620 sese
547 3555 754 3640 comitemque
770 3555 905 3642 impubis
920 3555 979 3620 liiii

220 3659 381 3745 Epytiden
395 3672 508 3739 vocat3
529 3671 560 3722 et
575 3657 669 3722 fidam
685 3660 731 3722 sic
745 3659 830 3722 satur
843 3657 885 3723 ad
899 3673 1028 3726 aurern:

220 3761 315 3828 Vade
331 3783 399 3849 age,
413 3774 445 3826 et
458 3765 605 3842 Ascanio,
618 3761 722 3847 sijum
736 3758 856 3845 puerile
870 3773 1015 3845 paratum

220 3868 341 3950 Agmen
357 3865 452 3929 habet
467 3885 583 3944 secum,
596 3883 766 3948 cursusque
781 3862 927 3928 instruxit
938 3885 1101 3948 equorum,

219 3967 327 4032 Ducat
341 3987 401 4030 avo
415 3979 542 4047 tunnas,
556 3980 587 4032 et
601 3988 670 4032 sese
684 3965 826 4032 ostendet
841 3969 872 4030 in
887 3967 993 4049 armis,

220 4069 295 4147 Dic,
310 4068 363 4132 sit.
407 4068 478 4152 lpse
492 4091 614 4136 omnem
630 4069 722 4157 longo
736 4068 893 4136 decedere
905 4071 992 4136 circo

220 4171 355 4254 Infusum
369 4169 527 4256 populum,
541 4186 573 4238 et
585 4183 714 4260 campos
724 4173 815 4260 jubet
829 4195 898 4242 esse
911 4189 1067 4262 patentes.
