<?xml version="1.0" encoding="UTF-8"?>
<!DOCTYPE html PUBLIC "-//W3C//DTD XHTML 1.0 Transitional//EN"
    "http://www.w3.org/TR/xhtml1/DTD/xhtml1-transitional.dtd">
<html xmlns="http://www.w3.org/1999/xhtml" xml:lang="en" lang="en">
 <head>
  <title>
</title>
<meta http-equiv="Content-Type" content="text/html;charset=utf-8" />
  <meta name='ocr-system' content='tesseract 3.04.00' />
  <meta name='ocr-capabilities' content='ocr_page ocr_carea ocr_par ocr_line ocrx_word'/>
</head>
<body>
  <div class='ocr_page' id='page_1' title='image "./bucolicageorgic01goulgoog/bucolicageorgic01goulgoog_0389.png"; bbox 0 0 2936 5122; ppageno 0'>
   <div class='ocr_carea' id='block_1_1' title="bbox 656 511 1342 634">
    <p class='ocr_par' dir='ltr' id='par_1_1' title="bbox 656 511 1342 634">
     <span class='ocr_line' id='line_1_1' title="bbox 656 511 1342 634; baseline 0 -58"><span class='ocrx_word' id='word_1_1' title='bbox 656 609 663 634; x_wconf 38' lang='grc' dir='ltr'>Ι</span> <span class='ocrx_word' id='word_1_2' title='bbox 709 517 827 578; x_wconf 78' lang='lat' dir='ltr'><strong>nunu</strong></span> <span class='ocrx_word' id='word_1_3' title='bbox 847 517 910 578; x_wconf 83' lang='lat' dir='ltr'><strong>ur.</strong></span> <span class='ocrx_word' id='word_1_4' title='bbox 1267 511 1342 604; x_wconf 59' lang='lat' dir='ltr'><strong>Q]</strong></span> 
     </span>
    </p>
   </div>
   <div class='ocr_carea' id='block_1_2' title="bbox 297 669 1143 861">
    <p class='ocr_par' dir='ltr' id='par_1_2' title="bbox 297 669 1143 861">
     <span class='ocr_line' id='line_1_2' title="bbox 297 669 1076 762; baseline -0.004 -21"><span class='ocrx_word' id='word_1_5' title='bbox 297 669 482 741; x_wconf 68' lang='lat' dir='ltr'><strong>Obsedire:</strong></span> <span class='ocrx_word' id='word_1_6' title='bbox 504 671 558 738; x_wconf 88' lang='lat' dir='ltr'>alii</span> <span class='ocrx_word' id='word_1_7' title='bbox 573 670 671 758; x_wconf 78' lang='lat' dir='ltr'><strong>porus</strong></span> <span class='ocrx_word' id='word_1_8' title='bbox 683 671 871 738; x_wconf 79' lang='lat' dir='ltr'>sublimibus</span> <span class='ocrx_word' id='word_1_9' title='bbox 885 671 1020 738; x_wconf 74' lang='lat' dir='ltr'><strong>adstans</strong></span> <span class='ocrx_word' id='word_1_10' title='bbox 1073 755 1076 762; x_wconf 25' lang='grc' dir='ltr'><strong><em>Ι</em></strong></span> 
     </span>
     <span class='ocr_line' id='line_1_3' title="bbox 339 775 1143 861; baseline 0.001 -19"><span class='ocrx_word' id='word_1_11' title='bbox 339 781 382 842; x_wconf 82' lang='lat' dir='ltr'><strong>At</strong></span> <span class='ocrx_word' id='word_1_12' title='bbox 395 777 489 856; x_wconf 77' lang='lat' dir='ltr'><strong>June,</strong></span> <span class='ocrx_word' id='word_1_13' title='bbox 503 797 521 840; x_wconf 87' lang='lat' dir='ltr'><strong>e</strong></span> <span class='ocrx_word' id='word_1_14' title='bbox 537 796 666 856; x_wconf 86' lang='lat' dir='ltr'><strong>summo,</strong></span> <span class='ocrx_word' id='word_1_15' title='bbox 680 775 734 861; x_wconf 93' lang='lat' dir='ltr'><strong>qui</strong></span> <span class='ocrx_word' id='word_1_16' title='bbox 747 797 829 840; x_wconf 89' lang='lat' dir='ltr'><strong>nuuc</strong></span> <span class='ocrx_word' id='word_1_17' title='bbox 844 775 986 842; x_wconf 80' lang='lat' dir='ltr'><strong>Albanus</strong></span> <span class='ocrx_word' id='word_1_18' title='bbox 1000 775 1143 859; x_wconf 79' lang='lat' dir='ltr'><strong>habetur,</strong></span> 
     </span>
    </p>
   </div>
   <div class='ocr_carea' id='block_1_3' title="bbox 241 885 1340 4272">
    <p class='ocr_par' dir='ltr' id='par_1_3' title="bbox 297 885 1335 973">
     <span class='ocr_line' id='line_1_4' title="bbox 297 885 1335 973; baseline 0 -21"><span class='ocrx_word' id='word_1_19' title='bbox 297 885 399 973; x_wconf 81' lang='lat' dir='ltr'><strong>(Tum</strong></span> <span class='ocrx_word' id='word_1_20' title='bbox 414 907 516 972; x_wconf 87' lang='lat' dir='ltr'><strong>neque</strong></span> <span class='ocrx_word' id='word_1_21' title='bbox 530 897 643 951; x_wconf 83' lang='lat' dir='ltr'><strong>nomen</strong></span> <span class='ocrx_word' id='word_1_22' title='bbox 658 898 735 967; x_wconf 84' lang='lat' dir='ltr'><strong>urat,</strong></span> <span class='ocrx_word' id='word_1_23' title='bbox 749 907 807 950; x_wconf 88' lang='lat' dir='ltr'><strong>nec</strong></span> <span class='ocrx_word' id='word_1_24' title='bbox 822 885 930 966; x_wconf 84' lang='lat' dir='ltr'>honos,</span> <span class='ocrx_word' id='word_1_25' title='bbox 944 899 996 950; x_wconf 84' lang='lat' dir='ltr'><strong>aut</strong></span> <span class='ocrx_word' id='word_1_26' title='bbox 1010 887 1109 973; x_wconf 83' lang='lat' dir='ltr'><strong>glorio</strong></span> <span class='ocrx_word' id='word_1_27' title='bbox 1122 888 1239 972; x_wconf 76' lang='lat' dir='ltr'><strong>monti)</strong></span> <span class='ocrx_word' id='word_1_28' title='bbox 1275 891 1335 952; x_wconf 79' lang='lat'><strong>135</strong></span> 
     </span>
    </p>

    <p class='ocr_par' dir='ltr' id='par_1_4' title="bbox 300 986 1199 1076">
     <span class='ocr_line' id='line_1_5' title="bbox 300 986 1199 1076; baseline 0 -20"><span class='ocrx_word' id='word_1_29' title='bbox 300 989 497 1076; x_wconf 88' lang='lat' dir='ltr'><strong>Prospiciens</strong></span> <span class='ocrx_word' id='word_1_30' title='bbox 512 987 638 1068; x_wconf 86' lang='lat' dir='ltr'><strong>tumulo,</strong></span> <span class='ocrx_word' id='word_1_31' title='bbox 652 1008 798 1074; x_wconf 78' lang='lat' dir='ltr'><strong>campum</strong></span> <span class='ocrx_word' id='word_1_32' title='bbox 813 986 1029 1074; x_wconf 75' lang='lat' dir='ltr'><strong>suspectabat,</strong></span> <span class='ocrx_word' id='word_1_33' title='bbox 1043 1002 1076 1054; x_wconf 89' lang='lat' dir='ltr'><strong>et</strong></span> <span class='ocrx_word' id='word_1_34' title='bbox 1090 990 1199 1056; x_wconf 75' lang='lat' dir='ltr'><strong>ambus</strong></span> 
     </span>
    </p>

    <p class='ocr_par' dir='ltr' id='par_1_5' title="bbox 299 1090 1233 1177">
     <span class='ocr_line' id='line_1_6' title="bbox 299 1090 1233 1177; baseline -0.001 -17"><span class='ocrx_word' id='word_1_35' title='bbox 299 1092 490 1160; x_wconf 78' lang='lat' dir='ltr'><strong>Laurentum</strong></span> <span class='ocrx_word' id='word_1_36' title='bbox 504 1091 686 1174; x_wconf 83' lang='lat' dir='ltr'><strong>Troumque</strong></span> <span class='ocrx_word' id='word_1_37' title='bbox 701 1090 796 1171; x_wconf 83' lang='lat' dir='ltr'><strong>ecies,</strong></span> <span class='ocrx_word' id='word_1_38' title='bbox 809 1091 983 1177; x_wconf 77' lang='lat' dir='ltr'>urbemque</span> <span class='ocrx_word' id='word_1_39' title='bbox 997 1093 1113 1160; x_wconf 74' lang='lat' dir='ltr'><strong>Latini.</strong></span> <span class='ocrx_word' id='word_1_40' title='bbox 1228 1108 1233 1120; x_wconf 93' lang='grc'><strong><em>·</em></strong></span> 
     </span>
    </p>

    <p class='ocr_par' dir='ltr' id='par_1_6' title="bbox 300 1191 966 1282">
     <span class='ocr_line' id='line_1_7' title="bbox 300 1191 966 1282; baseline -0.005 -19"><span class='ocrx_word' id='word_1_41' title='bbox 300 1195 466 1282; x_wconf 83' lang='lat' dir='ltr'><strong>Extemplo</strong></span> <span class='ocrx_word' id='word_1_42' title='bbox 480 1194 580 1260; x_wconf 73' lang='lat' dir='ltr'><strong>Tou-ni</strong></span> <span class='ocrx_word' id='word_1_43' title='bbox 594 1198 639 1260; x_wconf 87' lang='lat' dir='ltr'><strong>sic</strong></span> <span class='ocrx_word' id='word_1_44' title='bbox 655 1206 703 1259; x_wconf 90' lang='lat' dir='ltr'><strong>est</strong></span> <span class='ocrx_word' id='word_1_45' title='bbox 717 1191 811 1258; x_wconf 81' lang='lat' dir='ltr'><strong>affata</strong></span> <span class='ocrx_word' id='word_1_46' title='bbox 826 1215 966 1260; x_wconf 85' lang='lat' dir='ltr'><strong>sororem</strong></span> 
     </span>
    </p>

    <p class='ocr_par' dir='ltr' id='par_1_7' title="bbox 302 1296 1281 1386">
     <span class='ocr_line' id='line_1_8' title="bbox 302 1296 1281 1386; baseline -0.003 -19"><span class='ocrx_word' id='word_1_47' title='bbox 302 1301 389 1366; x_wconf 83' lang='lat' dir='ltr'>Diva</span> <span class='ocrx_word' id='word_1_48' title='bbox 402 1299 496 1366; x_wconf 84' lang='lat' dir='ltr'><strong>deam</strong></span> <span class='ocrx_word' id='word_1_49' title='bbox 509 1298 626 1386; x_wconf 77' lang='lat' dir='ltr'><strong>stagnis</strong></span> <span class='ocrx_word' id='word_1_50' title='bbox 641 1318 712 1384; x_wconf 68' lang='lat' dir='ltr'><strong>quic</strong></span> <span class='ocrx_word' id='word_1_51' title='bbox 726 1296 967 1383; x_wconf 85' lang='lat' dir='ltr'><strong>fluminibusque</strong></span> <span class='ocrx_word' id='word_1_52' title='bbox 981 1301 1102 1364; x_wconf 90' lang='lat' dir='ltr'><strong>sonoris</strong></span> <span class='ocrx_word' id='word_1_53' title='bbox 1276 1367 1281 1375; x_wconf 69' lang='grc'><em>,</em></span> 
     </span>
    </p>

    <p class='ocr_par' dir='ltr' id='par_1_8' title="bbox 241 1398 1337 1482">
     <span class='ocr_line' id='line_1_9' title="bbox 241 1398 1337 1482; baseline -0.004 -12"><span class='ocrx_word' id='word_1_54' title='bbox 241 1449 242 1454; x_wconf 37' lang='lat'>1</span> <span class='ocrx_word' id='word_1_55' title='bbox 299 1400 474 1482; x_wconf 72' lang='lat' dir='ltr'><strong>Presidet3¹</strong></span> <span class='ocrx_word' id='word_1_56' title='bbox 493 1400 575 1466; x_wconf 87' lang='lat' dir='ltr'><strong>hunc</strong></span> <span class='ocrx_word' id='word_1_57' title='bbox 590 1398 847 1466; x_wconf 82' lang='lat' dir='ltr'><strong>iiiirexaetheris</strong></span> <span class='ocrx_word' id='word_1_58' title='bbox 862 1399 942 1464; x_wconf 83' lang='lat' dir='ltr'><strong>altus</strong></span> <span class='ocrx_word' id='word_1_59' title='bbox 957 1399 1105 1466; x_wconf 78' lang='lat' dir='ltr'><strong>honorem</strong></span> <span class='ocrx_word' id='word_1_60' title='bbox 1278 1409 1337 1472; x_wconf 79' lang='lat' dir='ltr'><strong>tuo</strong></span> 
     </span>
    </p>

    <p class='ocr_par' dir='ltr' id='par_1_9' title="bbox 297 1501 975 1593">
     <span class='ocr_line' id='line_1_10' title="bbox 297 1501 975 1593; baseline -0.004 -22"><span class='ocrx_word' id='word_1_61' title='bbox 297 1507 423 1593; x_wconf 82' lang='lat' dir='ltr'>Jupiter</span> <span class='ocrx_word' id='word_1_62' title='bbox 436 1502 543 1590; x_wconf 72' lang='lat' dir='ltr'><strong>erepti</strong></span> <span class='ocrx_word' id='word_1_63' title='bbox 557 1524 617 1588; x_wconf 88' lang='lat' dir='ltr'><strong>pro</strong></span> <span class='ocrx_word' id='word_1_64' title='bbox 631 1501 807 1588; x_wconf 81' lang='lat' dir='ltr'><strong>virginitate</strong></span> <span class='ocrx_word' id='word_1_65' title='bbox 822 1503 975 1568; x_wconf 73' lang='lat' dir='ltr'><strong>sacravite</strong></span> 
     </span>
    </p>

    <p class='ocr_par' dir='ltr' id='par_1_10' title="bbox 301 1606 1194 1697">
     <span class='ocr_line' id='line_1_11' title="bbox 301 1606 1194 1697; baseline -0.001 -23"><span class='ocrx_word' id='word_1_66' title='bbox 301 1609 461 1697; x_wconf 73' lang='lat' dir='ltr'><strong>Nympha,</strong></span> <span class='ocrx_word' id='word_1_67' title='bbox 474 1607 572 1674; x_wconf 89' lang='lat' dir='ltr'><strong>decus</strong></span> <span class='ocrx_word' id='word_1_68' title='bbox 587 1606 758 1688; x_wconf 71' lang='lat' dir='ltr'><strong>fluviorum,</strong></span> <span class='ocrx_word' id='word_1_69' title='bbox 774 1606 875 1672; x_wconf 87' lang='lat' dir='ltr'><strong>animo</strong></span> <span class='ocrx_word' id='word_1_70' title='bbox 888 1609 1065 1694; x_wconf 80' lang='lat' dir='ltr'><strong>gratissima</strong></span> <span class='ocrx_word' id='word_1_71' title='bbox 1079 1619 1194 1690; x_wconf 83' lang='lat' dir='ltr'><strong>nostro,</strong></span> 
     </span>
    </p>

    <p class='ocr_par' dir='ltr' id='par_1_11' title="bbox 300 1709 1069 1796">
     <span class='ocr_line' id='line_1_12' title="bbox 300 1709 1069 1796; baseline -0.004 -18"><span class='ocrx_word' id='word_1_72' title='bbox 300 1714 370 1778; x_wconf 83' lang='lat' dir='ltr'><strong>Scis</strong></span> <span class='ocrx_word' id='word_1_73' title='bbox 384 1726 417 1777; x_wconf 90' lang='lat' dir='ltr'><strong>ut</strong></span> <span class='ocrx_word' id='word_1_74' title='bbox 431 1726 463 1792; x_wconf 82' lang='lat' dir='ltr'><strong>te</strong></span> <span class='ocrx_word' id='word_1_75' title='bbox 477 1711 596 1778; x_wconf 89' lang='lat' dir='ltr'><strong>cunctis</strong></span> <span class='ocrx_word' id='word_1_76' title='bbox 609 1732 714 1791; x_wconf 87' lang='lat' dir='ltr'><strong>unam,</strong></span> <span class='ocrx_word' id='word_1_77' title='bbox 729 1729 932 1796; x_wconf 81' lang='lat' dir='ltr'><strong>quaecumque</strong></span> <span class='ocrx_word' id='word_1_78' title='bbox 947 1709 1069 1776; x_wconf 74' lang='lat' dir='ltr'><strong>Latine</strong></span> 
     </span>
    </p>

    <p class='ocr_par' dir='ltr' id='par_1_12' title="bbox 242 1813 1084 1904">
     <span class='ocr_line' id='line_1_13' title="bbox 242 1813 1084 1904; baseline -0.005 -22"><span class='ocrx_word' id='word_1_79' title='bbox 242 1817 248 1822; x_wconf 82' lang='grc'><em>“</em></span> <span class='ocrx_word' id='word_1_80' title='bbox 286 1817 494 1904; x_wconf 74' lang='lat' dir='ltr'><strong>&#39;Magnanimi</strong></span> <span class='ocrx_word' id='word_1_81' title='bbox 506 1817 596 1882; x_wconf 86' lang='lat' dir='ltr'><strong>Jovis</strong></span> <span class='ocrx_word' id='word_1_82' title='bbox 611 1817 766 1902; x_wconf 84' lang='lat' dir='ltr'><strong>ingratum</strong></span> <span class='ocrx_word' id='word_1_83' title='bbox 780 1813 953 1880; x_wconf 73' lang='lat' dir='ltr'><strong>ascendere</strong></span> <span class='ocrx_word' id='word_1_84' title='bbox 968 1815 1084 1896; x_wconf 82' lang='lat' dir='ltr'>cubile,</span> 
     </span>
    </p>

    <p class='ocr_par' dir='ltr' id='par_1_13' title="bbox 302 1915 1338 2004">
     <span class='ocr_line' id='line_1_14' title="bbox 302 1915 1338 2004; baseline -0.004 -20"><span class='ocrx_word' id='word_1_85' title='bbox 302 1918 505 2002; x_wconf 81' lang='lat' dir='ltr'><strong>Praetulcrim,</strong></span> <span class='ocrx_word' id='word_1_86' title='bbox 520 1915 654 2004; x_wconf 82' lang='lat' dir='ltr'><strong>coelique</strong></span> <span class='ocrx_word' id='word_1_87' title='bbox 669 1916 779 1982; x_wconf 89' lang='lat' dir='ltr'><strong>lubens</strong></span> <span class='ocrx_word' id='word_1_88' title='bbox 794 1918 824 1982; x_wconf 93' lang='lat' dir='ltr'><strong>in</strong></span> <span class='ocrx_word' id='word_1_89' title='bbox 839 1929 928 2002; x_wconf 81' lang='lat' dir='ltr'><strong>purte</strong></span> <span class='ocrx_word' id='word_1_90' title='bbox 944 1916 1082 1982; x_wconf 75' lang='lat' dir='ltr'><strong>iocirim.</strong></span> <span class='ocrx_word' id='word_1_91' title='bbox 1279 1925 1338 1980; x_wconf 79' lang='lat' dir='ltr'><strong>tos</strong></span> 
     </span>
    </p>

    <p class='ocr_par' dir='ltr' id='par_1_14' title="bbox 302 2019 1097 2102">
     <span class='ocr_line' id='line_1_15' title="bbox 302 2019 1097 2102; baseline 0 -16"><span class='ocrx_word' id='word_1_92' title='bbox 302 2019 398 2086; x_wconf 85' lang='lat' dir='ltr'>Disce</span> <span class='ocrx_word' id='word_1_93' title='bbox 413 2034 508 2102; x_wconf 86' lang='lat' dir='ltr'><strong>tuum,</strong></span> <span class='ocrx_word' id='word_1_94' title='bbox 521 2043 561 2086; x_wconf 90' lang='lat' dir='ltr'><strong>ne</strong></span> <span class='ocrx_word' id='word_1_95' title='bbox 576 2041 625 2086; x_wconf 89' lang='lat' dir='ltr'><strong>me</strong></span> <span class='ocrx_word' id='word_1_96' title='bbox 640 2023 773 2100; x_wconf 85' lang='lat' dir='ltr'><strong>incuses,</strong></span> <span class='ocrx_word' id='word_1_97' title='bbox 787 2019 930 2100; x_wconf 79' lang='lat' dir='ltr'><strong>iuturus,</strong></span> <span class='ocrx_word' id='word_1_98' title='bbox 944 2019 1097 2086; x_wconf 83' lang='lat' dir='ltr'><strong>dolorem.</strong></span> 
     </span>
    </p>

    <p class='ocr_par' dir='ltr' id='par_1_15' title="bbox 300 2120 1090 2206">
     <span class='ocr_line' id='line_1_16' title="bbox 300 2120 1090 2206; baseline -0.005 -18"><span class='ocrx_word' id='word_1_99' title='bbox 300 2123 374 2206; x_wconf 66' lang='lat' dir='ltr'><strong>Qui</strong></span> <span class='ocrx_word' id='word_1_100' title='bbox 389 2123 456 2188; x_wconf 87' lang='lat' dir='ltr'>visa</span> <span class='ocrx_word' id='word_1_101' title='bbox 471 2135 518 2188; x_wconf 90' lang='lat' dir='ltr'><strong>est</strong></span> <span class='ocrx_word' id='word_1_102' title='bbox 531 2123 654 2188; x_wconf 81' lang='lat' dir='ltr'><strong>fortuna</strong></span> <span class='ocrx_word' id='word_1_103' title='bbox 669 2123 745 2206; x_wconf 83' lang='lat' dir='ltr'><strong>peti,</strong></span> <span class='ocrx_word' id='word_1_104' title='bbox 761 2120 930 2206; x_wconf 81' lang='lat' dir='ltr'><strong>Percaeque</strong></span> <span class='ocrx_word' id='word_1_105' title='bbox 945 2122 1090 2190; x_wconf 82' lang='lat' dir='ltr'><strong>sinebant</strong></span> 
     </span>
    </p>

    <p class='ocr_par' dir='ltr' id='par_1_16' title="bbox 304 2225 1106 2305">
     <span class='ocr_line' id='line_1_17' title="bbox 304 2225 1106 2305; baseline -0.009 -13"><span class='ocrx_word' id='word_1_106' title='bbox 304 2225 428 2292; x_wconf 85' lang='lat' dir='ltr'><strong>Cedere</strong></span> <span class='ocrx_word' id='word_1_107' title='bbox 442 2247 494 2290; x_wconf 87' lang='lat' dir='ltr'><strong>res</strong></span> <span class='ocrx_word' id='word_1_108' title='bbox 507 2225 610 2305; x_wconf 83' lang='lat' dir='ltr'><strong>Latio,</strong></span> <span class='ocrx_word' id='word_1_109' title='bbox 625 2225 765 2290; x_wconf 84' lang='lat' dir='ltr'><strong>Turnum</strong></span> <span class='ocrx_word' id='word_1_110' title='bbox 780 2237 811 2288; x_wconf 90' lang='lat' dir='ltr'><strong>et</strong></span> <span class='ocrx_word' id='word_1_111' title='bbox 826 2237 879 2290; x_wconf 87' lang='lat' dir='ltr'><strong>tua</strong></span> <span class='ocrx_word' id='word_1_112' title='bbox 894 2228 1009 2290; x_wconf 84' lang='lat' dir='ltr'><strong>moeniu</strong></span> <span class='ocrx_word' id='word_1_113' title='bbox 1025 2225 1106 2290; x_wconf 78' lang='lat' dir='ltr'><strong>texi:</strong></span> 
     </span>
    </p>

    <p class='ocr_par' dir='ltr' id='par_1_17' title="bbox 304 2325 1149 2417">
     <span class='ocr_line' id='line_1_18' title="bbox 304 2325 1149 2417; baseline -0.005 -21"><span class='ocrx_word' id='word_1_114' title='bbox 304 2330 395 2396; x_wconf 89' lang='lat' dir='ltr'><strong>Nunc</strong></span> <span class='ocrx_word' id='word_1_115' title='bbox 402 2332 553 2417; x_wconf 87' lang='lat' dir='ltr'><strong>juvenem</strong></span> <span class='ocrx_word' id='word_1_116' title='bbox 568 2327 738 2414; x_wconf 79' lang='lat' dir='ltr'>imparibus</span> <span class='ocrx_word' id='word_1_117' title='bbox 754 2325 847 2392; x_wconf 90' lang='lat' dir='ltr'><strong>video</strong></span> <span class='ocrx_word' id='word_1_118' title='bbox 861 2349 1050 2393; x_wconf 86' lang='lat' dir='ltr'><strong>concurrere</strong></span> <span class='ocrx_word' id='word_1_119' title='bbox 1066 2329 1149 2409; x_wconf 83' lang='lat' dir='ltr'><strong>fatis,</strong></span> 
     </span>
    </p>

    <p class='ocr_par' dir='ltr' id='par_1_18' title="bbox 304 2429 1340 2518">
     <span class='ocr_line' id='line_1_19' title="bbox 304 2429 1340 2518; baseline -0.001 -19"><span class='ocrx_word' id='word_1_120' title='bbox 304 2434 536 2518; x_wconf 84' lang='lat' dir='ltr'><strong>Parcarumque</strong></span> <span class='ocrx_word' id='word_1_121' title='bbox 549 2431 617 2498; x_wconf 87' lang='lat' dir='ltr'><strong>dies</strong></span> <span class='ocrx_word' id='word_1_122' title='bbox 628 2435 663 2496; x_wconf 88' lang='lat' dir='ltr'><strong>&#39;et</strong></span> <span class='ocrx_word' id='word_1_123' title='bbox 677 2432 724 2496; x_wconf 79' lang='lat' dir='ltr'><strong>uis</strong></span> <span class='ocrx_word' id='word_1_124' title='bbox 738 2429 863 2499; x_wconf 72' lang='lat' dir='ltr'><strong>inimica</strong></span> <span class='ocrx_word' id='word_1_125' title='bbox 878 2433 1078 2518; x_wconf 81' lang='lat' dir='ltr'><strong>propinquet.</strong></span> <span class='ocrx_word' id='word_1_126' title='bbox 1281 2439 1340 2500; x_wconf 76' lang='lat'><strong>160</strong></span> 
     </span>
    </p>

    <p class='ocr_par' dir='ltr' id='par_1_19' title="bbox 304 2532 1286 2623">
     <span class='ocr_line' id='line_1_20' title="bbox 304 2532 1286 2623; baseline 0.002 -23"><span class='ocrx_word' id='word_1_127' title='bbox 304 2535 376 2602; x_wconf 91' lang='lat' dir='ltr'><strong>Non</strong></span> <span class='ocrx_word' id='word_1_128' title='bbox 389 2556 524 2623; x_wconf 85' lang='lat' dir='ltr'><strong>pugnam</strong></span> <span class='ocrx_word' id='word_1_129' title='bbox 539 2532 799 2619; x_wconf 71' lang='lat' dir='ltr'><strong>adspicereihanc</strong></span> <span class='ocrx_word' id='word_1_130' title='bbox 815 2534 923 2615; x_wconf 90' lang='lat' dir='ltr'><strong>oculis,</strong></span> <span class='ocrx_word' id='word_1_131' title='bbox 936 2557 998 2600; x_wconf 92' lang='lat' dir='ltr'><strong>non</strong></span> <span class='ocrx_word' id='word_1_132' title='bbox 1014 2533 1136 2600; x_wconf 83' lang='lat' dir='ltr'><strong>ioedern</strong></span> <span class='ocrx_word' id='word_1_133' title='bbox 1148 2555 1286 2621; x_wconf 80' lang='lat' dir='ltr'><strong>posstuu.</strong></span> 
     </span>
    </p>

    <p class='ocr_par' dir='ltr' id='par_1_20' title="bbox 301 2636 1049 2726">
     <span class='ocr_line' id='line_1_21' title="bbox 301 2636 1049 2726; baseline 0.003 -23"><span class='ocrx_word' id='word_1_134' title='bbox 301 2638 365 2719; x_wconf 81' lang='lat' dir='ltr'><strong>Tu,</strong></span> <span class='ocrx_word' id='word_1_135' title='bbox 378 2661 437 2725; x_wconf 86' lang='lat' dir='ltr'><strong>pro</strong></span> <span class='ocrx_word' id='word_1_136' title='bbox 450 2659 599 2726; x_wconf 86' lang='lat' dir='ltr'><strong>germano</strong></span> <span class='ocrx_word' id='word_1_137' title='bbox 614 2636 729 2722; x_wconf 89' lang='lat' dir='ltr'><strong>siquid</strong></span> <span class='ocrx_word' id='word_1_138' title='bbox 744 2639 926 2724; x_wconf 86' lang='lat' dir='ltr'><strong>praesentius</strong></span> <span class='ocrx_word' id='word_1_139' title='bbox 941 2637 1049 2718; x_wconf 81' lang='lat' dir='ltr'><strong>sudes,</strong></span> 
     </span>
    </p>

    <p class='ocr_par' dir='ltr' id='par_1_21' title="bbox 306 2741 1169 2830">
     <span class='ocr_line' id='line_1_22' title="bbox 306 2741 1169 2830; baseline -0.001 -22"><span class='ocrx_word' id='word_1_140' title='bbox 306 2742 425 2830; x_wconf 82' lang='lat' dir='ltr'><strong>Perge3</strong></span> <span class='ocrx_word' id='word_1_141' title='bbox 447 2741 556 2808; x_wconf 86' lang='lat' dir='ltr'><strong>decet:</strong></span> <span class='ocrx_word' id='word_1_142' title='bbox 578 2743 683 2808; x_wconf 80' lang='lat' dir='ltr'>forsan</span> <span class='ocrx_word' id='word_1_143' title='bbox 699 2743 830 2808; x_wconf 81' lang='lat' dir='ltr'><strong>miserus</strong></span> <span class='ocrx_word' id='word_1_144' title='bbox 844 2742 974 2808; x_wconf 85' lang='lat' dir='ltr'><strong>meliora</strong></span> <span class='ocrx_word' id='word_1_145' title='bbox 990 2755 1169 2828; x_wconf 84' lang='lat' dir='ltr'><strong>sequentur.</strong></span> 
     </span>
    </p>

    <p class='ocr_par' dir='ltr' id='par_1_22' title="bbox 305 2839 1149 2930">
     <span class='ocr_line' id='line_1_23' title="bbox 305 2839 1149 2930; baseline 0 -18"><span class='ocrx_word' id='word_1_146' title='bbox 305 2845 372 2912; x_wconf 72' lang='lat' dir='ltr'><strong>vix</strong></span> <span class='ocrx_word' id='word_1_147' title='bbox 386 2866 434 2926; x_wconf 78' lang='lat' dir='ltr'><strong>ea,</strong></span> <span class='ocrx_word' id='word_1_148' title='bbox 449 2865 543 2930; x_wconf 87' lang='lat' dir='ltr'><strong>quum</strong></span> <span class='ocrx_word' id='word_1_149' title='bbox 558 2843 718 2930; x_wconf 81' lang='lat' dir='ltr'><strong>lacrymas</strong></span> <span class='ocrx_word' id='word_1_150' title='bbox 732 2839 831 2909; x_wconf 75' lang='lat' dir='ltr'><strong>occulis</strong></span> <span class='ocrx_word' id='word_1_151' title='bbox 844 2845 977 2910; x_wconf 84' lang='lat' dir='ltr'><strong>Juturna</strong></span> <span class='ocrx_word' id='word_1_152' title='bbox 991 2845 1149 2929; x_wconf 80' lang='lat' dir='ltr'><strong>prosudit3</strong></span> 
     </span>
    </p>

    <p class='ocr_par' dir='ltr' id='par_1_23' title="bbox 306 2949 1339 3038">
     <span class='ocr_line' id='line_1_24' title="bbox 306 2949 1339 3038; baseline 0.006 -24"><span class='ocrx_word' id='word_1_153' title='bbox 306 2949 433 3035; x_wconf 85' lang='lat' dir='ltr'><strong>Terque</strong></span> <span class='ocrx_word' id='word_1_154' title='bbox 448 2961 619 3034; x_wconf 85' lang='lat' dir='ltr'><strong>quaterque</strong></span> <span class='ocrx_word' id='word_1_155' title='bbox 634 2969 726 3038; x_wconf 79' lang='lat' dir='ltr'><strong>qranu</strong></span> <span class='ocrx_word' id='word_1_156' title='bbox 740 2959 850 3034; x_wconf 87' lang='lat' dir='ltr'><strong>pectus</strong></span> <span class='ocrx_word' id='word_1_157' title='bbox 864 2952 1018 3034; x_wconf 86' lang='lat' dir='ltr'><strong>percussit</strong></span> <span class='ocrx_word' id='word_1_158' title='bbox 1032 2949 1205 3016; x_wconf 79' lang='lat' dir='ltr'><strong>honestum.</strong></span> <span class='ocrx_word' id='word_1_159' title='bbox 1280 2960 1339 3020; x_wconf 75' lang='lat' dir='ltr'><strong>lot</strong></span> 
     </span>
    </p>

    <p class='ocr_par' dir='ltr' id='par_1_24' title="bbox 306 3050 1097 3138">
     <span class='ocr_line' id='line_1_25' title="bbox 306 3050 1097 3138; baseline 0 -20"><span class='ocrx_word' id='word_1_160' title='bbox 306 3051 376 3118; x_wconf 87' lang='lat' dir='ltr'><strong>Non</strong></span> <span class='ocrx_word' id='word_1_161' title='bbox 392 3051 541 3138; x_wconf 81' lang='lat' dir='ltr'><strong>lacrymis</strong></span> <span class='ocrx_word' id='word_1_162' title='bbox 556 3050 617 3116; x_wconf 90' lang='lat' dir='ltr'><strong>hoc</strong></span> <span class='ocrx_word' id='word_1_163' title='bbox 632 3064 762 3136; x_wconf 88' lang='lat' dir='ltr'><strong>tempus,</strong></span> <span class='ocrx_word' id='word_1_164' title='bbox 777 3052 820 3116; x_wconf 85' lang='lat' dir='ltr'><strong>ait</strong></span> <span class='ocrx_word' id='word_1_165' title='bbox 835 3052 979 3116; x_wconf 77' lang='lat' dir='ltr'><strong>saturnia</strong></span> <span class='ocrx_word' id='word_1_166' title='bbox 994 3052 1097 3134; x_wconf 90' lang='lat' dir='ltr'><strong>Juno;</strong></span> 
     </span>
    </p>

    <p class='ocr_par' dir='ltr' id='par_1_25' title="bbox 305 3151 1156 3240">
     <span class='ocr_line' id='line_1_26' title="bbox 305 3151 1156 3240; baseline -0.004 -21"><span class='ocrx_word' id='word_1_167' title='bbox 305 3151 470 3234; x_wconf 64' lang='lat' dir='ltr'><strong>Acceleru</strong></span> <span class='ocrx_word' id='word_1_168' title='bbox 485 3165 516 3218; x_wconf 88' lang='lat' dir='ltr'><strong>et</strong></span> <span class='ocrx_word' id='word_1_169' title='bbox 530 3153 668 3232; x_wconf 77' lang='lat' dir='ltr'><strong>nauem,</strong></span> <span class='ocrx_word' id='word_1_170' title='bbox 683 3155 710 3218; x_wconf 87' lang='lat' dir='ltr'><strong>si</strong></span> <span class='ocrx_word' id='word_1_171' title='bbox 725 3151 794 3237; x_wconf 88' lang='lat' dir='ltr'><strong>quis</strong></span> <span class='ocrx_word' id='word_1_172' title='bbox 808 3151 928 3234; x_wconf 79' lang='lat' dir='ltr'><strong>modus,</strong></span> <span class='ocrx_word' id='word_1_173' title='bbox 944 3157 1032 3240; x_wconf 85' lang='lat' dir='ltr'><strong>eripe</strong></span> <span class='ocrx_word' id='word_1_174' title='bbox 1047 3156 1156 3222; x_wconf 82' lang='lat' dir='ltr'><strong>morti:</strong></span> 
     </span>
    </p>

    <p class='ocr_par' dir='ltr' id='par_1_26' title="bbox 306 3253 1101 3341">
     <span class='ocr_line' id='line_1_27' title="bbox 306 3253 1101 3341; baseline 0 -19"><span class='ocrx_word' id='word_1_175' title='bbox 306 3259 369 3322; x_wconf 85' lang='lat' dir='ltr'><strong>Aut</strong></span> <span class='ocrx_word' id='word_1_176' title='bbox 383 3269 415 3320; x_wconf 88' lang='lat' dir='ltr'><strong>tu</strong></span> <span class='ocrx_word' id='word_1_177' title='bbox 429 3253 515 3320; x_wconf 85' lang='lat' dir='ltr'><strong>bella</strong></span> <span class='ocrx_word' id='word_1_178' title='bbox 528 3254 587 3334; x_wconf 82' lang='lat' dir='ltr'><strong>cie,</strong></span> <span class='ocrx_word' id='word_1_179' title='bbox 598 3267 846 3341; x_wconf 86' lang='lat' dir='ltr'><strong>conceptumque</strong></span> <span class='ocrx_word' id='word_1_180' title='bbox 861 3268 973 3320; x_wconf 83' lang='lat' dir='ltr'><strong>excute</strong></span> <span class='ocrx_word' id='word_1_181' title='bbox 989 3255 1101 3322; x_wconf 84' lang='lat' dir='ltr'><strong>ioedus.</strong></span> 
     </span>
    </p>

    <p class='ocr_par' dir='ltr' id='par_1_27' title="bbox 307 3355 1085 3444">
     <span class='ocr_line' id='line_1_28' title="bbox 307 3355 1085 3444; baseline 0 -22"><span class='ocrx_word' id='word_1_182' title='bbox 307 3360 425 3424; x_wconf 83' lang='lat' dir='ltr'><strong>Auctor</strong></span> <span class='ocrx_word' id='word_1_183' title='bbox 440 3379 499 3444; x_wconf 83' lang='lat' dir='ltr'><strong>ego</strong></span> <span class='ocrx_word' id='word_1_184' title='bbox 513 3355 661 3424; x_wconf 82' lang='lat' dir='ltr'><strong>cudendi.</strong></span> <span class='ocrx_word' id='word_1_185' title='bbox 706 3357 758 3422; x_wconf 89' lang='lat' dir='ltr'><strong>Sic</strong></span> <span class='ocrx_word' id='word_1_186' title='bbox 773 3357 939 3424; x_wconf 80' lang='lat' dir='ltr'><strong>exhortatu</strong></span> <span class='ocrx_word' id='word_1_187' title='bbox 958 3358 1085 3444; x_wconf 79' lang='lat' dir='ltr'><strong>reliquit</strong></span> 
     </span>
    </p>

    <p class='ocr_par' dir='ltr' id='par_1_28' title="bbox 306 3434 1340 3651">
     <span class='ocr_line' id='line_1_29' title="bbox 306 3434 1340 3542; baseline 0.004 -17"><span class='ocrx_word' id='word_1_188' title='bbox 306 3434 471 3542; x_wconf 66' lang='lat' dir='ltr'><strong>incertani,</strong></span> <span class='ocrx_word' id='word_1_189' title='bbox 485 3473 516 3526; x_wconf 89' lang='lat' dir='ltr'><strong>et</strong></span> <span class='ocrx_word' id='word_1_190' title='bbox 530 3461 611 3526; x_wconf 82' lang='lat' dir='ltr'><strong>tristi</strong></span> <span class='ocrx_word' id='word_1_191' title='bbox 625 3461 782 3528; x_wconf 79' lang='lat' dir='ltr'><strong>turbatum</strong></span> <span class='ocrx_word' id='word_1_192' title='bbox 796 3461 925 3528; x_wconf 85' lang='lat' dir='ltr'><strong>vulnere</strong></span> <span class='ocrx_word' id='word_1_193' title='bbox 941 3463 1063 3528; x_wconf 83' lang='lat' dir='ltr'><strong>mentis.</strong></span> <span class='ocrx_word' id='word_1_194' title='bbox 1281 3469 1340 3530; x_wconf 77' lang='lat'><strong>160</strong></span> 
     </span>
     <span class='ocr_line' id='line_1_30' title="bbox 349 3565 957 3651; baseline 0.003 -21"><span class='ocrx_word' id='word_1_195' title='bbox 349 3567 476 3634; x_wconf 81' lang='lat' dir='ltr'><strong>interea</strong></span> <span class='ocrx_word' id='word_1_196' title='bbox 488 3585 586 3650; x_wconf 82' lang='lat' dir='ltr'><strong>neges,</strong></span> <span class='ocrx_word' id='word_1_197' title='bbox 601 3566 718 3651; x_wconf 84' lang='lat' dir='ltr'><strong>ingenti</strong></span> <span class='ocrx_word' id='word_1_198' title='bbox 732 3565 813 3632; x_wconf 87' lang='lat' dir='ltr'><strong>mole</strong></span> <span class='ocrx_word' id='word_1_199' title='bbox 827 3566 957 3634; x_wconf 77' lang='lat' dir='ltr'><strong>Latinus</strong></span> 
     </span>
    </p>

    <p class='ocr_par' dir='ltr' id='par_1_29' title="bbox 305 3667 1110 3757">
     <span class='ocr_line' id='line_1_31' title="bbox 305 3667 1110 3757; baseline 0 -23"><span class='ocrx_word' id='word_1_200' title='bbox 305 3669 502 3757; x_wconf 80' lang='lat' dir='ltr'><strong>Quadrijugo</strong></span> <span class='ocrx_word' id='word_1_201' title='bbox 516 3667 640 3736; x_wconf 85' lang='lat' dir='ltr'><strong>vehitur</strong></span> <span class='ocrx_word' id='word_1_202' title='bbox 653 3689 757 3751; x_wconf 81' lang='lat' dir='ltr'><strong>curro,</strong></span> <span class='ocrx_word' id='word_1_203' title='bbox 770 3673 822 3735; x_wconf 91' lang='lat' dir='ltr'><strong>cui</strong></span> <span class='ocrx_word' id='word_1_204' title='bbox 837 3681 978 3755; x_wconf 81' lang='lat' dir='ltr'><strong>tempore</strong></span> <span class='ocrx_word' id='word_1_205' title='bbox 992 3667 1110 3734; x_wconf 86' lang='lat' dir='ltr'><strong>circum</strong></span> 
     </span>
    </p>

    <p class='ocr_par' dir='ltr' id='par_1_30' title="bbox 307 3770 961 3858">
     <span class='ocr_line' id='line_1_32' title="bbox 307 3770 961 3858; baseline -0.002 -21"><span class='ocrx_word' id='word_1_206' title='bbox 307 3774 419 3837; x_wconf 81' lang='lat' dir='ltr'><strong>Auruti</strong></span> <span class='ocrx_word' id='word_1_207' title='bbox 433 3773 484 3838; x_wconf 91' lang='lat' dir='ltr'><strong>bis</strong></span> <span class='ocrx_word' id='word_1_208' title='bbox 497 3793 554 3836; x_wconf 85' lang='lat' dir='ltr'><strong>sex</strong></span> <span class='ocrx_word' id='word_1_209' title='bbox 568 3770 650 3838; x_wconf 83' lang='lat' dir='ltr'><strong>redii</strong></span> <span class='ocrx_word' id='word_1_210' title='bbox 664 3771 814 3858; x_wconf 83' lang='lat' dir='ltr'><strong>fulgentis</strong></span> <span class='ocrx_word' id='word_1_211' title='bbox 824 3773 961 3858; x_wconf 71' lang='lat' dir='ltr'><strong>cingunt,</strong></span> 
     </span>
    </p>

    <p class='ocr_par' dir='ltr' id='par_1_31' title="bbox 309 3872 1079 3961">
     <span class='ocr_line' id='line_1_33' title="bbox 309 3872 1079 3961; baseline -0.001 -22"><span class='ocrx_word' id='word_1_212' title='bbox 309 3873 388 3940; x_wconf 88' lang='lat' dir='ltr'><strong>Solis</strong></span> <span class='ocrx_word' id='word_1_213' title='bbox 402 3877 454 3939; x_wconf 84' lang='lat' dir='ltr'><strong>avi</strong></span> <span class='ocrx_word' id='word_1_214' title='bbox 469 3877 647 3961; x_wconf 83' lang='lat' dir='ltr'><strong>specimen3</strong></span> <span class='ocrx_word' id='word_1_215' title='bbox 665 3874 749 3961; x_wconf 63' lang='lat' dir='ltr'><strong>bigis</strong></span> <span class='ocrx_word' id='word_1_216' title='bbox 762 3878 788 3938; x_wconf 89' lang='lat' dir='ltr'><strong>it</strong></span> <span class='ocrx_word' id='word_1_217' title='bbox 801 3873 926 3938; x_wconf 87' lang='lat' dir='ltr'><strong>Turnus</strong></span> <span class='ocrx_word' id='word_1_218' title='bbox 941 3874 972 3940; x_wconf 89' lang='lat' dir='ltr'><strong>in</strong></span> <span class='ocrx_word' id='word_1_219' title='bbox 987 3872 1079 3954; x_wconf 85' lang='lat' dir='ltr'>slbis,</span> 
     </span>
    </p>

    <p class='ocr_par' dir='ltr' id='par_1_32' title="bbox 309 3974 1340 4063">
     <span class='ocr_line' id='line_1_34' title="bbox 309 3974 1340 4063; baseline 0.004 -23"><span class='ocrx_word' id='word_1_220' title='bbox 309 3975 387 4042; x_wconf 84' lang='lat' dir='ltr'><strong>Bina</strong></span> <span class='ocrx_word' id='word_1_221' title='bbox 404 3997 496 4044; x_wconf 86' lang='lat' dir='ltr'><strong>manu</strong></span> <span class='ocrx_word' id='word_1_222' title='bbox 510 3976 575 4042; x_wconf 84' lang='lat' dir='ltr'><strong>loto</strong></span> <span class='ocrx_word' id='word_1_223' title='bbox 584 3977 729 4063; x_wconf 76' lang='lat' dir='ltr'><strong>crispans</strong></span> <span class='ocrx_word' id='word_1_224' title='bbox 744 3974 979 4044; x_wconf 75' lang='lat' dir='ltr'><strong>hastilisierro.</strong></span> <span class='ocrx_word' id='word_1_225' title='bbox 1275 3983 1340 4054; x_wconf 77' lang='grc'><strong>,165</strong></span> 
     </span>
    </p>

    <p class='ocr_par' dir='ltr' id='par_1_33' title="bbox 310 4075 1044 4166">
     <span class='ocr_line' id='line_1_35' title="bbox 310 4075 1044 4166; baseline -0.001 -23"><span class='ocrx_word' id='word_1_226' title='bbox 310 4077 396 4144; x_wconf 87' lang='lat' dir='ltr'><strong>Hinc</strong></span> <span class='ocrx_word' id='word_1_227' title='bbox 411 4093 502 4166; x_wconf 83' lang='lat' dir='ltr'><strong>pater</strong></span> <span class='ocrx_word' id='word_1_228' title='bbox 516 4075 645 4161; x_wconf 77' lang='lat' dir='ltr'><strong>AEneus,</strong></span> <span class='ocrx_word' id='word_1_229' title='bbox 660 4079 811 4145; x_wconf 74' lang='lat' dir='ltr'><strong>Romanus</strong></span> <span class='ocrx_word' id='word_1_230' title='bbox 826 4079 931 4164; x_wconf 85' lang='lat' dir='ltr'><strong>stirpis</strong></span> <span class='ocrx_word' id='word_1_231' title='bbox 945 4081 1044 4165; x_wconf 84' lang='lat' dir='ltr'><strong>origo,</strong></span> 
     </span>
    </p>

    <p class='ocr_par' dir='ltr' id='par_1_34' title="bbox 311 4179 1069 4272">
     <span class='ocr_line' id='line_1_36' title="bbox 311 4179 1069 4272; baseline 0.005 -28"><span class='ocrx_word' id='word_1_232' title='bbox 311 4179 438 4248; x_wconf 82' lang='lat' dir='ltr'><strong>sidereo</strong></span> <span class='ocrx_word' id='word_1_233' title='bbox 448 4181 584 4272; x_wconf 82' lang='lat' dir='ltr'><strong>flagrans</strong></span> <span class='ocrx_word' id='word_1_234' title='bbox 593 4181 711 4270; x_wconf 74' lang='lat' dir='ltr'><strong>clypeo</strong></span> <span class='ocrx_word' id='word_1_235' title='bbox 725 4194 757 4250; x_wconf 92' lang='lat' dir='ltr'><strong>et</strong></span> <span class='ocrx_word' id='word_1_236' title='bbox 769 4180 950 4254; x_wconf 71' lang='lat' dir='ltr'><strong>celestibus</strong></span> <span class='ocrx_word' id='word_1_237' title='bbox 963 4187 1069 4264; x_wconf 82' lang='lat' dir='ltr'><strong>armis,</strong></span> 
     </span>
    </p>
   </div>
   <div class='ocr_carea' id='block_1_4' title="bbox 0 0 1489 5122">
    <p class='ocr_par' dir='ltr' id='par_1_35' title="bbox 0 0 1489 5122">
     <span class='ocr_line' id='line_1_37' title="bbox 0 0 1489 5122; baseline 0 0"><span class='ocrx_word' id='word_1_238' title='bbox 0 0 1489 5122; x_wconf 95' lang='lat' dir='ltr'><strong> </strong></span> 
     </span>
    </p>
   </div>
  </div>
 </body>
</html>
