2956 5132
194 458 256 524 160
637 459 827 522 mbos

238 619 385 706 AEquora
400 633 432 686 et
445 623 584 686 Ausonio
597 623 700 706 possis
713 617 877 684 considere
891 597 992 706 penu}

238 724 416 811 Expediam
431 725 544 805 dietis3
564 723 733 813 probibent
746 745 820 790 narn
832 737 950 788 cetera
965 723 1080 788 Parcae

238 827 335 909 Scire,
350 828 509 894 Helenum
523 829 646 914 farique
660 839 746 892 vetat
760 827 905 894 Saturnia
919 827 1012 890 Juuo.

238 931 406 1018 Principio,
420 931 553 1013 ltaliam,
567 951 661 1017 quarn
675 943 708 996 tu
718 933 785 1018 jum
798 951 869 996 rere
884 929 1090 1016 propinquam

236 1035 441 1121 Vicinosque,
454 1039 572 1124 ignare,
586 1054 679 1121 perse
695 1033 845 1102 invadere
859 1045 978 1119 portus,

236 1135 346 1225 Longa
360 1137 470 1225 procul
485 1137 585 1226 longis
598 1138 651 1204 via
665 1135 779 1204 dividit
792 1137 878 1202 invia
892 1138 995 1202 terris.

236 1241 319 1306 Ante
334 1255 365 1306 et
379 1241 545 1308 Trinacriis
560 1240 723 1308 lentandus
737 1263 841 1308 remus
856 1245 889 1306 in
904 1240 997 1322 uadi,

236 1341 277 1410 Et
291 1343 365 1408 salis
380 1345 511 1411 Ausonii
525 1343 718 1410 lustrandum
731 1344 864 1412 navibus
878 1365 997 1430 aequor,

235 1447 414 1535 infernique
429 1448 525 1528 lacus,
540 1447 697 1533 AEaeoeque
713 1449 812 1518 iustrle
826 1448 942 1529 Circus,

183 1581 184 1586 ¹
235 1552 335 1636 Quem
352 1553 414 1619 lutei
429 1554 528 1640 possis
542 1553 655 1620 urbem
667 1573 856 1640 componere
871 1551 965 1620 ene.

235 1655 332 1742 Signa
346 1657 402 1721 tibi
418 1653 541 1720 dicam:
563 1669 596 1720 tu
610 1653 738 1722 condita
752 1669 856 1722 mente
870 1667 986 1720 teneto.

234 1745 337 1842 Quum
352 1759 408 1824 tibi
423 1757 556 1824 sollicito
570 1759 683 1826 secreti
699 1756 740 1824 ad
755 1757 889 1824 fluminis
904 1753 1022 1823 undose

233 1859 381 1927 Littoreis
395 1865 504 1947 ingens
517 1861 643 1927 invente
657 1861 717 1924 sub
731 1859 857 1924 ilicibus
870 1877 934 1940 sus,

233 1961 375 2050 Triginta
389 1963 529 2046 crpitum
542 1961 633 2028 foetus
649 1962 752 2041 suba,
761 1959 893 2047 jacebit,

233 2063 327 2146 Alba,
341 2063 409 2130 solo
421 2063 587 2144 recubans,
602 2061 668 2126 albi
682 2065 800 2130 cincun
815 2063 916 2128 ubera
929 2067 1012 2144 uati3

233 2167 264 2232 ls
279 2166 364 2232 locus
378 2166 466 2230 urbis
480 2167 540 2230 erit
553 2190 565 2246 ;
585 2166 711 2250 requies
724 2185 763 2230 ea
776 2176 865 2228 certa
880 2163 1034 2232 laborum.

232 2269 263 2338 N
265 2293 301 2336 ec
316 2285 349 2335 tu
363 2289 540 2336 mensanun
553 2289 673 2334 morsus
689 2267 837 2334 horresce
850 2269 989 2335 futuros:

233 2373 314 2440 Feta
327 2377 411 2460 viam
425 2373 592 2452 invenient,
607 2370 773 2458 aderitque
787 2386 916 2438 vocatus
931 2372 1058 2460 Apollo.

232 2477 304 2545 Hes
319 2488 422 2540 autem
437 2487 547 2553 terras,
562 2471 694 2557 Italique
709 2472 792 2540 banc
807 2473 921 2540 littoris
933 2497 1023 2542 oram

234 2579 382 2644 Proxima
397 2599 467 2664 que
480 2579 577 2644 nostri
592 2575 787 2663 perfunditur
801 2579 936 2664 equoris
951 2592 1038 2661 estu,

232 2681 362 2770 Effuge3
382 2695 495 2748 cuncta
509 2680 600 2748 malis
614 2679 795 2749 habitantur
809 2685 925 2750 moenie
938 2682 1055 2749 Graiis.

232 2785 299 2850 Hic
315 2799 346 2850 et
361 2783 495 2871 Narycii
513 2800 682 2870 posuerunt
695 2786 811 2852 moenie
825 2785 932 2866 locri,

231 2887 273 2956 Et
288 2885 474 2952 Sallentinos
487 2885 611 2952 obsedit
625 2887 724 2954 milite
738 2911 868 2974 campos

231 2991 364 3080 Lyctius
379 2989 582 3054 Idomeneus:
605 2987 658 3054 hic
673 2988 727 3055 ille
740 2990 831 3056 ducis
846 2991 989 3058 Meliboei

232 3095 336 3160 Parve
350 3091 532 3157 Philoctetae
547 3091 681 3156 subnixa
696 3092 808 3158 Petilia
822 3115 922 3160 muro.

101 3240 105 3257 .
230 3199 325 3282 Quin,
338 3197 394 3262 ubi
407 3193 593 3262 transmisse
608 3199 751 3261 steterint
764 3209 850 3262 bans
863 3218 993 3283 aequore
1006 3198 1136 3280 classes,

230 3303 272 3368 Et
285 3302 393 3388 positis
407 3300 470 3366 eris
479 3301 547 3387 jam
561 3311 635 3365 vota
647 3303 682 3366 in
696 3299 800 3366 littore
815 3299 938 3382 solves3

231 3407 392 3494 Purpureo
406 3402 512 3470 velare
528 3423 633 3468 comas
648 3401 817 3490 adopertus
831 3403 967 3488 amictu;

230 3507 280 3574 Ne
295 3531 357 3594 qua
371 3512 453 3572 inter
466 3519 591 3572 sanctos
605 3509 692 3592 ignes
708 3507 876 3576 inhonore
893 3507 1025 3574 deerunt

230 3612 364 3678 Hostilis
379 3613 477 3677 iacies
491 3621 646 3688 occurrat,
661 3621 692 3674 et
705 3613 810 3676 omina
825 3611 939 3678 turbet.
958 3605 962 3612 ¹

148 3750 149 3754 =
229 3713 326 3778 Hunc
341 3715 418 3779 socii
432 3735 549 3780 morem
563 3731 733 3791 sacrorum,
747 3711 830 3778 hunc
845 3711 911 3798 ipse
926 3726 1051 3793 tenetur

230 3815 305 3880 Heio
319 3819 399 3881 casti
413 3828 560 3884 maneant
574 3816 605 3882 iu
619 3813 781 3901 relligione
796 3829 937 3910 nepotes.
990 3863 996 3868 -

230 3919 297 3997 Ast,
311 3918 366 3982 ubi
380 3917 553 4005 digressum
568 3918 681 3986 Siculo
694 3931 726 3984 te
741 3917 915 3984 admoverit
928 3939 993 3985 orae

230 4021 363 4100 Ventus,
378 4033 409 4085 et
423 4025 544 4108 angusti
557 4036 719 4090 rarescent
732 4022 868 4090 claustra
883 4023 998 4106 Pelori,

230 4125 330 4192 Laeva
343 4125 401 4191 tibi
415 4123 517 4206 tellus,
531 4140 563 4192 et
576 4123 668 4214 longo
682 4127 763 4197 laeva
775 4140 922 4216 petantur
