2914 5130
636 561 821 633 amauit

222 755 370 842 Accipio!
391 754 517 840 quantis
527 751 690 838 jactatum,
704 763 786 833 uate,
800 751 945 839 periclis!

220 860 318 942 Quam
333 858 428 922 metui
443 877 482 922 ne
497 855 573 941 quid
588 855 701 942 Libyae
717 856 774 921 tibi
787 875 886 944 regna
901 855 1067 920 nocerent!
1133 870 1136 881 “
1189 845 1194 871 ²

171 941 175 958 ⁸
222 959 276 1026 lile
290 975 412 1027 autem:
434 960 506 1023 Tua
520 979 581 1039 me,
594 948 726 1046 genitor,
739 972 792 1023 tua
806 961 903 1023 tristis
918 958 1030 1044 imago,
1190 960 1256 1020 695

222 1053 336 1153 Sepiirs
350 1085 529 1143 occurrens,
544 1062 613 1127 hac
627 1063 733 1127 limina
748 1061 876 1127 tendere
892 1062 1008 1151 adegit.

222 1171 306 1236 Stant
320 1169 387 1234 saie
401 1167 572 1256 Tyrrheno
586 1166 714 1231 classes⁸
758 1165 811 1230 Da
822 1167 953 1255 jungere
968 1167 1121 1247 dextram,
1179 1202 1184 1211 ·
1199 1159 1215 1236 ,’

221 1267 280 1353 Da,
293 1271 434 1359 genitor3
454 1282 547 1354 teque
562 1267 709 1354 amplexu
725 1289 765 1334 ne
779 1269 929 1333 subtrahe
943 1283 1058 1335 nostro.
1188 1253 1194 1297 ²

223 1377 271 1440 Sic
286 1395 472 1452 memorans,
486 1371 574 1460 largo
589 1371 662 1436 fletu
677 1371 766 1454 simui
781 1393 837 1436 ora
851 1373 984 1459 rigabat.

220 1475 284 1542 Ter
298 1489 428 1541 conatus
443 1475 487 1540 ibi
501 1474 673 1540 colludere
688 1474 822 1542 brachia
836 1473 974 1557 circtim;
1012 1477 1016 1491 '
1193 1478 1258 1540 'too

223 1577 285 1644 Ter
296 1579 413 1642 frustra
427 1599 613 1664 comprensa
627 1597 735 1642 manus
750 1575 855 1664 effugit
869 1579 980 1666 imago,
1171 1576 1175 1590 '

224 1681 419 1746 Parietibus
434 1681 544 1762 ventis,
559 1678 741 1764 volucrique
756 1679 913 1745 simillima
927 1697 1045 1745 somno.

261 1785 385 1848 Interea
399 1782 487 1848 ridet
503 1781 618 1847 AEneas
634 1786 666 1846 in
680 1781 764 1846 valie
778 1781 909 1847 reducti

222 1885 381 1954 Seclusum
396 1907 514 1967 nemus,
529 1899 560 1950 et
573 1885 707 1972 virgulta
723 1889 865 1952 sonantia
880 1886 975 1968 silvis,

213 1974 456 2075 ¹Lethaeumque‚¹
469 1989 578 2054 domos
594 1987 737 2075 placidas
753 1993 807 2074 qui
821 2004 984 2076 prasumat,
1000 2010 1132 2056 amnem.
1163 1988 1177 2012 “’
1192 1994 1259 2060 705

221 2091 315 2156 Hunc
331 2094 452 2156 circum
465 2092 633 2155 innumerae
648 2103 755 2178 gentes
771 2091 939 2176 populique
953 2090 1119 2158 volabant:

220 2197 267 2258 Ac
282 2193 378 2258 veluti
392 2197 424 2258 in
438 2194 546 2280 pratis,
560 2195 615 2257 ubi
631 2213 706 2279 apes
720 2206 828 2258 oestate
843 2193 954 2260 sereni

221 2297 366 2363 Floribus
381 2295 518 2362 insidunt
531 2300 639 2376 variis,
654 2307 684 2362 et
699 2296 836 2361 candida
850 2299 969 2363 circum

221 2399 304 2466 Lilia
319 2398 510 2480 funduntur3
531 2401 640 2484 strepit
654 2403 754 2464 omnis
769 2421 925 2465 murmure
939 2423 1079 2489 campus.

219 2501 387 2567 Horrescit
402 2501 469 2565 visu
484 2501 597 2580 subito,
611 2513 786 2588 causasque
800 2505 932 2588 requirit
1198 2511 1260 2574 710

218 2604 337 2669 luscius
354 2601 477 2682 Encas,
492 2623 561 2688 quae
578 2605 639 2666 sint
654 2623 692 2667 ea
707 2604 832 2668 iiumina
846 2605 951 2692 porni,
968 2621 971 2627 '

218 2707 320 2788 Quive
335 2705 398 2769 viri
410 2717 497 2769 tanto
511 2703 698 2791 compiirint
714 2709 835 2792 agmine
849 2711 947 2794 ripas.
1187 2699 1193 2750 ⁵

220 2807 301 2873 Tum
315 2821 407 2894 pater
421 2807 593 2872 Anchises:
617 2809 738 2870 Animae
755 2807 866 2893 quibus
881 2809 980 2876 altera
994 2813 1058 2879 fato
1165 2826 1169 2839 '
1185 2824 1189 2837 “

220 2911 365 2998 Corpora
380 2911 534 2976 debentur
548 2910 671 2977 Lethoei
686 2910 727 2975 ad
743 2909 874 2978 fluminis
890 2914 1004 2980 undam

218 3015 356 3078 Securos
371 3012 480 3077 latices
494 3027 526 3077 et
540 3011 632 3099 ionga
646 3011 764 3077 oblivia
778 3027 897 3100 potant.
1197 3029 1258 3088 715

222 3115 291 3180 Has
306 3114 455 3200 equidem
468 3135 642 3180 memorare
658 3116 725 3196 tibi,
740 3128 836 3202 atque
848 3115 1013 3186 osterriere
1027 3128 1152 3205 emam,-
1185 3130 1191 3157 ²

220 3217 291 3282 Jam
306 3215 430 3302 pridem
445 3237 484 3282 ac
498 3217 618 3304 prolem
632 3221 726 3304 cupio
740 3237 922 3286 enumerare
936 3234 1068 3307 tuorum,
1140 3244 1144 3257 ¹
1184 3240 1190 3267 '

221 3317 292 3402 Qud
306 3319 406 3405 magis
422 3317 512 3384 italia
526 3341 648 3384 mecum
662 3319 768 3385 ioetere
783 3323 919 3407 reperta.

222 3420 252 3484 Ο
265 3435 365 3508 pater,
379 3441 460 3486 anne
473 3421 594 3507 aliquas
610 3420 651 3486 ad
666 3422 779 3488 coelum
794 3423 868 3490 hinc
883 3430 929 3490 ire
943 3427 1113 3514 putandum
1128 3428 1191 3497 eet·

224 3523 378 3588 Sublimes
394 3523 523 3610 animas,
538 3524 991 3609 iterumqueintardareverti
1198 3539 1259 3602 ⁷20

223 3625 388 3713 eorporat
430 3627 509 3710 Qum
524 3625 601 3691 lucis
615 3629 736 3694 miseris
750 3643 814 3694 tam
829 3629 899 3695 dira
914 3629 1049 3717 cupido?

223 3727 337 3794 Dicam
352 3729 519 3815 equidem3
539 3752 598 3796 uec
613 3743 644 3794 te
659 3753 850 3819 suspensum,
865 3745 947 3811 nate,
962 3735 1095 3800 tenebo:
1177 3733 1189 3778 i

224 3833 359 3918 Suscipit
372 3833 535 3913 Anchises,
550 3847 644 3919 atque
659 3835 769 3900 ordine
784 3833 904 3921 singula
918 3833 1037 3922 pandit.
1074 3869 1076 3874 ·
1173 3837 1185 3892 1

266 3935 428 4022 Principio
442 3935 566 4017 omium,
580 3957 618 4004 ac
633 3949 743 4016 terras,
756 3957 949 4023 camposque
961 3939 1122 4026 liquentes,

175 4051 179 4060 '
223 4036 458 4124 Lucentemque
472 4039 599 4126 globum
613 4039 704 4120 iuna,
718 4039 906 4126 Titaniaque
920 4055 1015 4125 astra,
1172 4071 1179 4083 ’
1199 4057 1258 4116 725

226 4139 357 4224 Spiritus
371 4141 452 4206 intus
466 4140 521 4206 alit
528 4169 540 4224 3
562 4155 719 4228 totamque
733 4143 835 4208 infusa
849 4165 907 4230 per
920 4159 1005 4212 artus
1187 4159 1189 4162 '

225 4241 315 4310 tiens
330 4247 431 4332 agitat
442 4244 567 4330 molem,
579 4259 612 4313 et
625 4267 738 4333 magun
752 4267 786 4312 ac
799 4267 934 4334 corpore
947 4251 1065 4317 munet.
