2978 5124
707 487 825 550 Ltustt
844 491 894 552 tx.

278 644 372 708 Soevit
386 647 418 708 in
434 643 600 724 absentem
621 640 756 710 collecta
769 643 880 732 fatigat
894 641 1011 712 edendi

276 747 327 812 Ex
342 745 434 832 longo
449 747 567 826 rabies,
581 758 612 810 et
626 750 720 812 siccas
734 751 884 834 sanguiue
899 749 1018 814 fauces.

222 855 225 865 '
279 848 377 914 Haud
392 847 489 935 aliter
499 847 617 914 Rutulo
631 871 736 914 muros
751 863 782 914 et
796 861 902 916 castra
921 852 1019 918 tuenti

279 951 442 1039 ignescunt
456 953 530 1032 irae3
553 951 640 1018 duris
654 952 745 1020 dolor
760 955 881 1020 ossibus
895 955 1003 1022 ardet:

277 1055 348 1138 Qui
362 1069 458 1120 tentet
473 1057 593 1122 ratione
607 1056 720 1138 aditus,
735 1072 766 1122 et
782 1079 848 1144 quo
863 1063 916 1124 vla
936 1059 1059 1126 clausos

278 1157 425 1223 Excutiat
439 1159 580 1224 Teucros
594 1159 689 1240 vallo,
703 1172 797 1246 atque
812 1159 949 1227 effundat
963 1165 997 1228 in
1010 1185 1129 1248 aequor.

278 1260 430 1342 Classem,
445 1283 514 1348 qum
529 1263 621 1328 lateri
635 1276 810 1331 castrorum
825 1264 972 1352 adjuncta
987 1267 1116 1349 latebat,

276 1365 453 1450 Aggeribus
468 1380 588 1452 septam
603 1363 724 1431 circum
738 1379 769 1431 et
783 1366 963 1434 fluvialibus
977 1371 1076 1452 undis,

277 1469 418 1551 lovadit;
438 1473 602 1557 sociosque
616 1471 761 1537 incendia
775 1477 878 1557 poscit
891 1487 1042 1556 ovantes;

275 1574 377 1657 Atque
392 1594 516 1638 manum
530 1576 605 1662 pinu
619 1575 762 1662 flagranti
776 1575 916 1648 fervidus
930 1577 1047 1662 implet.

276 1673 357 1738 Tum
372 1675 448 1740 verti
463 1677 664 1742 incumbunt:
686 1691 776 1762 urget
789 1681 958 1764 praesentia
971 1679 1081 1760 Tittoi,

274 1777 377 1861 Atque
391 1779 490 1842 omnis
505 1779 626 1844 facibus
640 1779 740 1866 pubes
756 1781 929 1867 accingitur
942 1781 1029 1846 atris.

271 1877 444 1966 Diripubre
459 1881 564 1960 i0c0s3
586 1885 710 1967 piceum
724 1882 785 1946 lert
798 1882 917 1948 fumida
936 1881 1040 1950 lumen

274 1981 384 2064 Tarda,
400 1996 432 2048 et
445 1989 646 2050 commixtam
661 1984 823 2052 Vulcanus
838 1984 881 2050 ad
895 1998 980 2054 astra
994 1985 1144 2052 favillam.

314 2086 392 2169 Quis
407 2087 494 2169 deus,
508 2111 528 2154 o
542 2109 649 2170 musae,
663 2102 728 2154 tam
742 2109 828 2156 soeva
841 2089 990 2156 incendio
1004 2091 1138 2157 Teucris
1171 2147 1174 2166 ,

269 2189 416 2255 Avertit?
437 2203 538 2256 tantos
552 2189 671 2257 ratibus
686 2193 757 2276 quis
771 2189 892 2278 depulit
905 2195 1014 2278 ignes?

269 2288 393 2356 Dicite:
416 2296 522 2378 prisca
536 2291 614 2358 lides
628 2293 721 2372 lacto,
736 2292 792 2358 sed
806 2294 890 2359 fama
905 2295 1061 2380 personis.

312 2393 470 2482 Tempore
485 2417 548 2482 quo
562 2393 696 2482 primum
712 2395 853 2484 Phrygia
863 2395 1020 2463 formabat
1034 2397 1065 2464 io
1080 2395 1136 2464 lut

269 2493 389 2564 AEneas
403 2499 547 2580 classem,
560 2511 591 2563 et
605 2497 708 2586 pelagi
722 2511 830 2585 petere
845 2497 910 2564 alta
923 2501 1060 2586 parabat

268 2600 341 2686 lpsa
354 2600 449 2668 deam
463 2602 561 2668 fertur
574 2602 715 2689 genetrix
730 2601 924 2688 Berecyntia
937 2625 1081 2690 maguum

268 2703 412 2770 Vocibus
426 2705 475 2769 his
490 2703 585 2770 affata
598 2705 730 2770 Jovom:
752 2703 815 2786 Da,
829 2718 911 2785 nate,
925 2710 1053 2791 petenti,

266 2805 358 2888 Quod
373 2821 427 2874 tua
439 2827 516 2874 cara
530 2829 643 2893 pareus
657 2807 774 2872 domito
788 2821 819 2872 te
833 2811 935 2894 poscit
945 2809 1094 2896 Olympo.

267 2908 362 2974 Pinea
376 2909 455 2976 silva
469 2910 554 2990 mihi,
568 2908 680 2976 multos
694 2909 810 2976 dilecta
824 2932 881 2997 per
896 2932 1003 2989 annos,
1259 2919 1299 2980 85

264 3010 371 3078 Lucus
385 3016 417 3078 in
432 3035 506 3078 arce
521 3013 577 3078 fuit
589 3011 718 3094 summa,
734 3013 797 3100 quti
810 3035 904 3080 sacra
917 3013 1069 3094 serebant,

264 3109 406 3200 Nigranti
419 3111 511 3199 picei
525 3112 729 3198 trabibusque
744 3113 895 3180 obscurus
910 3115 1047 3180 aceruis:
1094 3165 1097 3171 a

266 3215 339 3280 Has
352 3239 410 3303 ego
424 3215 589 3282 Dardanio
599 3216 716 3303 juveni,
730 3237 825 3301 quum
839 3216 949 3282 classis
963 3229 1079 3303 egeret,

262 3315 353 3382 Laeta
367 3317 441 3384 dedi
453 3345 462 3399 ς
474 3321 565 3386 'nunc
579 3318 745 3385 sollicitam
760 3322 852 3384 timor
866 3323 977 3386 auxius
992 3332 1092 3406 urget.

262 3421 356 3486 Solve
370 3436 480 3503 metus,
494 3436 588 3509 atque
604 3423 663 3488 hoc
679 3423 825 3508 precibus
838 3425 907 3488 sine
921 3443 1011 3508 posse
1027 3433 1198 3506 parentem,
1256 3427 1296 3490 90

261 3525 311 3590 Ne
325 3549 418 3592 cursu
433 3541 587 3614 quassatae
602 3527 676 3606 ullo,
690 3549 751 3592 neu
765 3528 890 3594 turbine
905 3530 1000 3606 venti,

260 3629 456 3696 vincantur:
478 3632 576 3718 prosit
589 3631 702 3696 nosris
716 3632 747 3696 io
761 3631 916 3696 montibus
930 3641 1026 3692 ortas.

261 3729 359 3798 Filius
374 3733 447 3798 huic
462 3734 581 3814 contri,
595 3745 718 3818 torquet
732 3735 786 3819 qui
800 3732 906 3798 sidera
920 3729 1045 3795 mundi:

259 3833 290 3898 0
302 3839 453 3920 genetrix,
468 3835 531 3923 quo
545 3837 610 3901 lata
624 3841 742 3901 vocas?
763 3849 816 3901 aut
831 3833 906 3919 quid
921 3835 1002 3918 petis
1016 3834 1103 3896 istisl

259 3935 427 4004 Mortaline
442 3959 535 4004 manu
549 3941 640 4006 lactae
656 3936 829 4004 immortale
843 3939 960 4000 carioae
1253 3944 1307 4019 95,

259 4035 321 4100 Fas
335 4037 494 4107 habeant?
515 4055 681 4128 certusque
696 4046 817 4108 incerta
831 4037 972 4126 pericula
987 4037 1096 4104 lustret

260 4133 394 4206 AEoeast
435 4142 498 4210 Cui
514 4157 599 4212 tauta
613 4144 674 4250 deo
688 4146 840 4232 permissa
855 4145 1013 4244 potestas?
