2978 5124
252 671 422 738 Crudelis!
443 691 503 736 nec
518 682 558 750 te,
572 669 632 734 sub
646 680 732 734 terte
746 665 889 753 pericula
902 667 1039 746 urissum,
1109 651 1114 658 ¹

253 776 356 842 Affari
372 772 549 840 extremum
561 777 684 840 miserm
698 772 773 838 dete
788 772 881 858 copie
895 773 1009 836 metrii

254 881 350 946 Heu!
363 879 460 944 terrei
475 875 588 963 ignoti,
603 876 733 942 canibus
748 874 822 940 date
836 871 945 960 praeda
959 872 1080 938 Latinis
1230 877 1293 935 485

255 983 467 1067 Alitibusque,
476 982 585 1068 jaces!
608 1001 667 1044 nec
682 991 722 1060 te,
737 991 791 1044 tue
805 979 924 1058 sunere,
938 988 1038 1042 meter

258 1084 407 1164 Produxi,
422 1087 562 1169 pressive
576 1081 694 1163 oculos,
708 1095 762 1146 eut
776 1081 905 1146 vulnera
920 1081 994 1162 levi,

259 1189 358 1255 Veste
374 1199 490 1273 tegens,
505 1185 563 1250 tibi
578 1207 672 1270 quem
687 1197 795 1250 noctes
809 1184 919 1248 festine
933 1184 1064 1271 diesque

260 1291 432 1378 Urgebam‚
447 1302 479 1353 et
493 1287 555 1354 told
569 1311 663 1353 cures
677 1287 804 1354 solabar
817 1288 932 1354 aniles!

258 1395 331 1478 Qud
345 1417 470 1479 sequar,
483 1407 536 1458 aut
550 1413 717 1478 quaeuunc
732 1405 826 1474 artus,
841 1391 1013 1478 avulsaque
1028 1393 1179 1473 membra,
1233 1397 1298 1454 490

262 1499 304 1562 Et
317 1499 406 1562 funus
422 1495 571 1576 lacerum,
583 1495 675 1562 tellus
689 1497 806 1562 hebeti
849 1498 924 1560 Hoc
939 1496 1016 1563 mihi
1030 1496 1071 1561 de
1087 1509 1127 1574 te,

262 1601 355 1682 Nate,
369 1602 489 1666 resersi
510 1600 571 1664 hoc
586 1622 653 1664 sum
669 1597 815 1685 terrisque
830 1601 971 1684 marique
985 1604 1114 1664 secuta?

263 1701 364 1791 Figite
380 1725 439 1784 me,
454 1705 479 1768 si
494 1725 557 1789 qua
571 1717 618 1768 est
632 1704 751 1791 pietes3
774 1703 803 1767 in
819 1725 868 1768 me
882 1706 988 1767 omnia
1002 1703 1065 1768 tela

263 1807 430 1895 Coojicite,
442 1831 462 1871 o
477 1807 604 1886 Rutuli3
626 1830 676 1888 me
689 1810 822 1893 primam
836 1805 991 1872 absumite
1005 1807 1100 1872 ferro.

263 1915 329 1978 Aut
344 1923 385 1991 tu,
400 1933 511 1997 magne
526 1917 616 1996 'pater
630 1909 749 1990 diutim,
764 1913 922 1990 miserere,
937 1925 1053 1995 tuoque
1178 1951 1180 1956 -
1237 1919 1300 1976 495

266 2014 402 2079 Invisum
417 2013 477 2077 hoc
492 2011 625 2078 detrude
638 2027 734 2098 caput
748 2013 807 2077 sub
822 2013 957 2077 Tartara
972 2011 1044 2094 telo,

266 2103 401 2199 Quando
416 2115 508 2181 aliter
522 2136 643 2199 nequeo
657 2114 817 2180 crudelem
832 2117 1020 2202 abrumpere
1033 2116 1141 2181 vitem.

310 2219 383 2282 Hoc
398 2217 469 2282 ilc-tu
485 2219 626 2284 concussi
638 2219 740 2299 enimi,
751 2232 939 2303 moestusque
953 2242 1012 2306 per
1025 2241 1131 2286 omnes

269 2321 296 2384 lt
309 2321 456 2406 gemitus:
479 2333 601 2406 torquerit
616 2321 755 2393 infrectae
770 2320 811 2386 ed
827 2322 937 2407 proelie
951 2323 1046 2388 vires.

267 2421 357 2488 lllem
373 2421 587 2488 incendentem
601 2422 701 2490 luctus
717 2424 817 2490 ldaeus
832 2439 863 2490 et
877 2429 984 2508 Actor,

269 2529 378 2594 Ilionei
393 2532 520 2608 monitu,
533 2541 564 2594 et
577 2528 705 2594 multum
720 2530 924 2617 lacrymantis
938 2532 1007 2614 liili,

271 2633 462 2719 Corripiunt,
476 2637 619 2718 interque
634 2657 743 2700 manus
757 2636 816 2700 sub
831 2650 913 2704 tecte
927 2653 1090 2725 reponunt.

315 2740 356 2802 At
370 2738 444 2803 tube
459 2737 629 2804 terribilem
643 2744 776 2804 sonitum
790 2741 900 2827 procul
913 2761 976 2808 aere
990 2765 1108 2810 canoro

272 2842 450 2926 increpuit:
471 2843 611 2924 sequitur
624 2840 751 2924 clamor,
761 2842 937 2929 coelumque
951 2847 1093 2935 remugit.

273 2944 472 3023 Accelerant,
487 2943 559 3010 acti
572 2949 692 3030 pariter
706 2945 870 3028 testudine,
886 2947 1005 3030 Volsci,
1245 2958 1307 3015 505

273 3047 315 3112 Et
330 3048 430 3112 fossas
444 3045 573 3132 implere
589 3061 709 3132 parent,
724 3069 761 3113 ac
777 3049 895 3114 vellere
909 3050 1037 3116 vellum.

273 3152 426 3234 Quaeruot
440 3171 515 3236 pars
530 3150 657 3229 aditum,
672 3165 703 3216 et
716 3152 811 3218 scalis
825 3154 997 3222 escendere
1011 3179 1124 3241 muros,

274 3255 347 3338 Qui
360 3276 433 3319 rare
449 3266 496 3318 est
511 3255 605 3336 ecies,
618 3255 844 3342 interlucetque
858 3280 975 3326 corone

276 3359 347 3424 Non
363 3371 425 3425 tem
439 3361 540 3443 spissa
554 3360 642 3422 viris.
686 3360 835 3426 Telorum
850 3361 1008 3428 effundere
1022 3364 1132 3428 contri.
1172 3381 1176 3388 ’

275 3464 379 3529 Omne
393 3485 491 3550 genus
505 3463 632 3543 Teucri,
646 3486 684 3529 ec
699 3464 785 3530 duris
800 3464 968 3532 detrudere
983 3470 1093 3547 contis,
1252 3475 1313 3532 510

277 3569 403 3632 Assueti
419 3567 510 3652 longo
523 3589 628 3632 muros
642 3567 812 3634 defendere
829 3567 923 3635 bello.

278 3673 365 3736 Saxa
381 3691 505 3755 quoque
519 3671 631 3735 infesto
645 3671 813 3738 volvebant
828 3673 977 3758 pondere,
992 3677 1018 3736 si
1034 3672 1095 3756 qui

278 3771 410 3840 Possent
424 3787 539 3840 tectam
553 3776 654 3840 aciem
668 3797 893 3862 perrumpere;
916 3797 1010 3861 quum
1024 3788 1128 3842 temen
1141 3799 1248 3844 omnes

278 3879 379 3944 Ferre
389 3880 480 3964 juvet
493 3879 603 3942 subter
617 3877 715 3942 deusti
729 3876 884 3943 testudine
898 3899 1001 3942 cesus.

278 3981 350 4046 Nec
361 3982 427 4066 jam
442 3980 614 4060 sufficiunt3
637 4003 719 4060 nam,
733 3979 794 4066 qud
809 3979 920 4065 globus
934 3981 1072 4044 imminet
1086 3983 1202 4070 ingens,
1256 3991 1316 4050 ⁵15

281 4082 453 4147 immanem
468 4083 585 4148 Teucri
599 4083 711 4148 molem
726 4081 915 4167 volvuntque
930 4095 1092 4169 ruuntque,

282 4187 363 4268 Quae
377 4189 490 4252 stravit
505 4185 636 4254 Rutulos
651 4187 723 4267 late,
737 4205 957 4272 armorumque
970 4185 1098 4252 rentur
