2914 5130
605 519 731 600 'trusa
750 537 813 601 vn.

218 693 312 759 Celsa
325 694 412 780 petit,
425 693 613 778 tacitumque
628 695 750 758 obsedit
764 695 856 760 limen
872 698 1012 760 Amatae:

217 798 319 878 Quam
333 819 425 882 super
440 796 575 861 adventu
591 797 758 878 Teucrtim,
774 799 934 884 Turnique
950 800 1132 886 hymenaeis,

219 899 385 963 Foemineae
400 899 560 964 ardentem
574 919 719 982 curaeque
735 901 850 985 irasque
865 902 1052 986 coquebant.
1182 909 1243 966 34⁵

218 1001 303 1066 Huic
318 1001 378 1066 dea
392 1001 533 1066 caeruleis
547 1023 641 1066 unum
654 1000 695 1066 de
709 1003 846 1066 crinibus
861 1025 992 1089 anguem

218 1105 361 1193 Conjicit,
376 1110 469 1191 inque
484 1107 582 1169 sinum
596 1106 771 1191 praecordia
786 1106 825 1170 ad
842 1108 947 1172 intima
963 1109 1076 1190 subdit,

217 1207 286 1288 Quo
301 1209 469 1274 furibunda
484 1209 608 1274 domum
623 1223 759 1274 monstro
773 1211 958 1294 permisceat
971 1233 1102 1277 omnem.

218 1310 270 1376 llle
285 1317 366 1377 inter
380 1327 482 1377 vestes
496 1327 526 1377 et
540 1313 621 1377 levia
636 1327 763 1398 pectora
779 1313 883 1400 lapsus
1140 1309 1147 1324 “

218 1415 362 1480 Volvitur
377 1430 492 1481 attactu
507 1415 600 1496 nullo,
614 1416 753 1502 fallitque
768 1418 928 1497 furentem,

218 1517 387 1603 Vipeream
401 1520 555 1604 inspirans
570 1521 721 1582 animaru:
746 1519 778 1582 fit
792 1519 895 1583 tortile
909 1520 990 1585 collo

217 1622 334 1684 Aurum
349 1623 455 1706 ingens
470 1620 619 1700 coluber3
641 1621 674 1684 fit
689 1621 787 1707 longae
803 1623 894 1686 taenia
908 1624 1001 1705 vittae,

217 1722 408 1808 innectitque
422 1745 536 1804 comas,
552 1737 583 1788 et
597 1725 744 1788 membris
760 1724 897 1789 lubricus
911 1740 1005 1790 errat.

216 1828 261 1889 Ac
276 1825 350 1890 dum
364 1827 465 1911 prima
480 1825 545 1890 lues
560 1825 623 1890 udo
638 1826 784 1912 sublapsa
799 1849 919 1892 veneno

217 1929 373 1994 Portentat
386 1951 503 2009 sensus,
518 1941 611 2012 atque
625 1929 745 1993 ossibus
760 1929 897 2015 implicat
911 1933 1024 2016 ignem,

217 2031 357 2096 Necdum
373 2034 493 2096 animus
508 2043 571 2095 toto
586 2031 725 2116 percepit
740 2045 868 2116 pectore
884 2033 1047 2112 flammam,
1075 2067 1080 2082 x

217 2132 349 2214 Mollids,
364 2145 395 2198 et
409 2132 500 2197 solito
515 2147 646 2198 matrum
662 2133 702 2198 de
717 2155 813 2214 more,
828 2133 931 2198 locuta
946 2147 1001 2214 est,

216 2239 313 2305 Multa
327 2255 421 2324 supet·
435 2237 507 2304 nati
521 2237 710 2324 lacrymans,
727 2237 932 2323 Phrygiisque
948 2237 1137 2323 hymenaeis:

255 2341 464 2407 Exsulibusne
478 2339 571 2406 datur
584 2338 728 2404 ducenda
745 2340 875 2404 Lavinia
890 2340 1032 2422 Teucris,

214 2445 242 2509 Ο
255 2448 396 2532 genitori
416 2466 475 2509 nec
490 2457 520 2509 te
535 2447 660 2508 miseret
675 2456 826 2528 nataeque,
841 2445 968 2528 tuique?

215 2543 279 2608 Nec
294 2547 402 2609 matris
417 2547 551 2624 miseret,
565 2565 659 2630 quam
673 2547 775 2630 primo
790 2543 934 2629 aquilone
949 2544 1104 2632 relinquet

216 2645 364 2728 Perfidus,
379 2647 442 2712 alta
456 2661 564 2733 petens
579 2645 716 2712 abductis
730 2648 858 2735 virgine,
873 2651 1003 2735 praedol

216 2751 254 2814 At
268 2774 328 2815 non
344 2751 388 2814 sic
404 2748 558 2836 Phrygius
573 2763 715 2835 penetrat
730 2751 957 2819 Lacedaemona
972 2769 1085 2841 pastor,

216 2851 424 2937 Ledaeamque
439 2853 598 2918 Helenam
612 2853 767 2940 Trojanas
781 2856 866 2919 vexit
881 2855 922 2919 ad
936 2858 1053 2923 urbest

213 2957 295 3038 Quid
311 2970 363 3021 tua
377 2969 484 3020 sancta
499 2955 586 3034 fides,
601 2955 676 3044 quid
690 2977 766 3020 cura
781 2960 908 3042 antiqua
923 2972 1053 3040 tuorum,

216 3059 252 3124 Et
266 3057 495 3144 consanguineo
508 3060 599 3120 toties
613 3055 689 3120 data
704 3055 833 3121 dextera
848 3059 976 3124 Turno?

216 3163 246 3227 Si
258 3183 356 3250 gener
370 3159 500 3226 externfi
514 3163 629 3245 petitur
643 3159 683 3224 de
698 3173 788 3245 gente
803 3161 933 3246 Latinis,

216 3267 311 3353 ldque
325 3265 424 3345 sedet,
439 3265 598 3348 Faunique
613 3277 756 3348 premunt
770 3279 800 3328 te
811 3266 899 3352 jussa
912 3268 1066 3353 parentis;

215 3369 342 3436 Omnem
357 3366 503 3454 equidem
517 3367 649 3453 sceptris
663 3379 777 3432 terram
792 3390 861 3454 quae
877 3369 977 3434 libera
992 3370 1102 3434 nostris

214 3471 353 3540 Dissidet
366 3485 527 3537 externam
542 3493 623 3552 reor,
637 3484 668 3535 et
682 3472 726 3536 sic
742 3471 847 3536 dicere
861 3473 959 3537 divos.

214 3573 253 3639 Et
266 3577 385 3656 liano,
399 3576 425 3639 si
439 3575 540 3660 prima
554 3572 665 3638 domnis
678 3587 837 3659 repetatur
851 3578 947 3661 origo,

216 3677 346 3755 lnacbus
361 3677 561 3761 Acrisiusque
575 3691 690 3762 patres,
705 3676 876 3761 mediaeque
892 3677 1048 3762 Mycenae.

256 3782 316 3846 His
330 3781 385 3844 ubi
400 3777 609 3864 nequidquam
625 3777 715 3843 dictis
730 3791 860 3864 experta
875 3777 1020 3842 Latinum

217 3883 328 3952 Contrd
344 3897 428 3948 stare
444 3881 539 3962 videt,
553 3879 736 3968 penitdsque
752 3883 782 3944 in
793 3882 914 3944 viscera
929 3879 1047 3966 lapsum

217 3987 371 4072 Serpentis
385 3985 498 4050 furiale
512 3985 636 4066 malurn,
651 3997 807 4069 totamque
821 3997 982 4069 pererrat3

217 4087 294 4154 Tum
310 4089 385 4154 vero
400 4089 519 4168 infelix,
533 4089 707 4175 ingentibus
723 4087 825 4152 excita
841 4093 994 4171 monstris,

217 4191 398 4260 immensam
412 4195 478 4259 sine
493 4213 578 4258 more
594 4194 666 4257 surit
681 4191 844 4278 lymphata
858 4215 915 4278 per
928 4195 1057 4262 urbem:
