2978 5124
603 527 719 590 ussa
738 525 814 588 Vlli

216 683 380 772 conjugis,
394 696 425 748 et
438 686 536 770 possit
549 705 663 770 paruos
678 681 812 748 educere
826 694 933 750 natos:

216 787 321 853 Haud
336 784 426 852 sectis
440 787 623 873 ignipotens,
632 808 690 852 nec
706 798 845 872 tempore
860 788 985 872 segnior
999 783 1065 866 illo,

218 890 372 956 Mollibus
385 912 405 955 e
418 891 522 956 uram
537 910 633 976 opera
648 889 689 954 ad
704 889 830 954 fabrilia
844 889 953 976 sungit.¹
1189 893 1252 954 416

218 992 327 1058 lnsula
342 993 498 1058 Sicanium
508 991 598 1078 juxta
614 991 693 1056 latus
709 991 904 1076 AEoliamque

221 1095 363 1181 Erigitur
377 1095 524 1182 Liparen,
538 1093 726 1160 fumantibus
741 1093 839 1158 ardua
855 1097 958 1174 saxis3

220 1199 325 1282 Quam
340 1198 448 1262 subter
462 1219 573 1284 specus
587 1211 619 1262 et
633 1195 811 1284 Cyclopum
825 1218 920 1260 exesa
935 1198 1065 1264 caminis

223 1301 323 1365 Antra
336 1297 462 1365 AEtnaea
477 1313 592 1381 tonant,
607 1299 766 1385 validique
782 1297 944 1364 incudibus
959 1303 1038 1364 ictus

224 1402 329 1467 tuditi
344 1403 479 1468 referunt
492 1407 649 1490 gemitum,
663 1400 857 1486 striduntque
870 1405 1015 1466 cavernis
1189 1409 1252 1468 420

226 1505 384 1568 Stricturoe
400 1503 582 1591 chalybum,
598 1519 628 1568 et
643 1505 822 1569 fornacibus
837 1503 915 1590 ignis
931 1501 1075 1568 anhelat:

227 1605 362 1670 Vulcani
376 1605 495 1686 domus,
508 1618 540 1670 et
554 1604 710 1670 Vulcania
723 1609 849 1670 nomine
863 1603 963 1668 tellus.

228 1708 297 1773 Hoc
314 1721 387 1773 tunc
401 1709 572 1795 ignipotens
585 1708 666 1774 coelo
679 1707 840 1772 descendit
855 1710 896 1773 ab
911 1705 985 1772 alto.

227 1809 356 1878 Ferrum
370 1815 561 1878 exercebant
575 1826 664 1878 vasto
679 1812 840 1899 Cyclopes
853 1816 885 1876 in
900 1825 1000 1892 antro,

229 1915 429 2004 Brontesque,
439 1921 657 2006 Steropesque,
666 1931 696 1983 et
707 1917 806 1982 nudus
817 1918 956 1982 membra
970 1918 1159 2006 Pyracmon·
1190 1927 1252 1986 tas

229 2018 286 2084 His
300 2022 497 2085 informatum
511 2021 662 2112 manibus,
673 2022 739 2107 jam
754 2033 843 2105 parte
857 2018 962 2106 politti,

228 2118 354 2185 Fulmen
368 2134 446 2202 erat,
459 2135 524 2185 toto
537 2123 657 2208 genitor
671 2143 741 2207 quae
755 2121 889 2208 plurima
903 2121 984 2190 coelo

228 2218 341 2310 Dejicit
355 2225 388 2286 in
401 2235 510 2303 terras,
523 2243 596 2310 pars
611 2223 791 2308 imperfecta
806 2224 963 2290 manebat.

229 2323 305 2390 Tres
319 2327 431 2392 imbris
443 2327 514 2392 torti
528 2327 642 2406 radios,
656 2339 718 2391 tres
732 2329 824 2392 nubis
838 2349 964 2414 aquosae

230 2425 431 2506 Addiderunt,
444 2427 528 2492 rutili
543 2440 605 2492 tres
619 2428 697 2514 ignis
710 2441 741 2492 et
754 2428 837 2494 alitis
852 2433 959 2496 austri.
1117 2473 1119 2478 ·
1190 2439 1253 2502 tao

229 2526 375 2615 l'ulgores
389 2551 468 2594 nunc
485 2529 646 2610 terrificos,
659 2530 863 2616 sonitumque,
877 2547 1063 2620 metumque,

230 2627 403 2695 lliscebant
416 2633 514 2716 operi,
528 2631 720 2718 flammisque
735 2635 921 2718 sequacibus
935 2641 1010 2702 iras.

230 2727 318 2795 Parte
334 2729 398 2796 aut
412 2733 507 2796 Marti
520 2754 707 2822 curameque
720 2748 865 2822 rotasque
879 2736 1022 2804 volucres

230 2831 395 2913 Instabam,
409 2835 521 2920 qulbus
536 2835 589 2900 ille
604 2837 697 2917 viros,
713 2838 824 2922 quibus
840 2841 955 2905 excitat
969 2843 1082 2908 urbes:

228 2931 1021 3025 AEgidaqueborriferam,t11rbatael²alladisarma,
1189 2959 1252 3016 435

229 3035 378 3104 Certatim
392 3041 528 3125 squamis
541 3040 719 3126 serpentium
732 3063 870 3128 auroque
884 3044 1033 3128 polibant,

230 3137 455 3226 Conuexosque
470 3163 595 3227 angues,
609 3143 769 3228 ipsamque
784 3147 815 3209 in
830 3159 956 3231 pectore
970 3148 1051 3214 diva

229 3241 382 3330 Gorgona,
395 3241 522 3308 desecto
536 3256 708 3311 vertentem
721 3245 836 3313 lumina
851 3249 946 3314 collo.

230 3341 342 3412 Tollite
357 3358 479 3426 cuncta,
492 3348 601 3432 inquit,
614 3361 795 3434 coeptosque
811 3351 929 3417 auferte
944 3355 1077 3438 labores,

230 3443 338 3512 mmai
352 3447 522 3534 Cyclopes,
535 3461 567 3515 et
582 3449 642 3514 buc
657 3449 811 3526 advertite
823 3468 968 3520 mentem.
1189 3470 1256 3530 tto

229 3549 321 3614 Arma
336 3554 403 3616 acri
417 3552 560 3618 iacienda
574 3555 660 3617 viro:
683 3577 764 3621 nunc
777 3557 895 3624 viribus
910 3581 990 3642 usus,

228 3647 317 3717 Nunc
331 3655 475 3720 manibus
488 3655 616 3744 rapidis,
629 3658 712 3722 omni
725 3681 806 3724 nunc
822 3675 888 3727 arte
902 3663 1070 3748 magistri:

230 3755 426 3845 Pracipitate
439 3783 554 3827 moras.
573 3843 576 3854 .
597 3761 665 3829 Nec
679 3765 770 3850 plura
785 3767 913 3833 effatus:
936 3782 965 3833 et
982 3769 1027 3836 illi

227 3855 322 3924 octus
336 3861 508 3928 incubuere
522 3885 638 3946 omncs,
651 3870 830 3953 pariterque
845 3868 984 3936 laborem

227 3959 348 4027 Sortiti:
370 3962 436 4028 lluit
449 3985 493 4029 ms
506 3965 590 4047 rivis,
604 3967 734 4052 emique
747 3968 924 4051 metallum
1186 3993 1252 4052 tto
1387 3987 1390 3994 ⁴

227 4059 461 4151 vulnificusque
475 4066 612 4155 chalybs
625 4069 711 4133 vasta
726 4071 852 4136 fornace
867 4071 1018 4158 liquescit.

228 4163 383 4250 lugentem
390 4167 732 4255 slypmntntommt,
745 4193 839 4240 uuum
853 4180 958 4242 omnia
969 4193 1077 4248 conus
