2978 5124
200 499 258 556 2⁸4
661 493 850 554 mutuos

196 623 206 640 ’
247 647 281 712 ln
296 647 408 728 medio,
422 646 592 734 chlamyde
607 659 637 712 et
652 649 744 733 pictis
758 661 943 734 conspectus
957 651 988 716 in
1002 651 1114 729 armis;

247 749 360 830 Qualis
379 751 433 816 uhi
447 753 556 816 oceani
572 751 714 836 perfusus
729 751 858 816 Lucifer
872 750 964 830 undi,

208 883 214 898 =
247 855 349 935 Quem
365 855 474 920 Venus
489 867 561 920 ante
577 854 654 918 allos
669 867 822 920 astrorum
836 853 936 942 diligit
950 857 1046 940 ignes,
1220 859 1283 918 ⁵90

249 955 370 1022 Extulit
383 979 418 1022 os
433 979 556 1022 sacrum
569 956 661 1036 eoelo,
676 957 884 1040 tenebrasque
898 956 1036 1022 resolvit.

250 1061 339 1124 Stant
352 1059 477 1144 pavidae
493 1059 523 1124 in
538 1059 632 1124 muris
648 1053 771 1138 m'atres,
785 1057 945 1144 oculisque
960 1071 1130 1144 sequuntur

250 1161 435 1226 Pulveream
449 1163 573 1242 nubem,
588 1175 618 1226 et
632 1161 783 1247 fulgentes
797 1183 860 1226 aere
874 1175 1030 1228 catervas.

137 1267 141 1280 '
250 1263 314 1329 Olli
329 1286 387 1352 per
400 1263 519 1342 dumos,
534 1263 596 1347 qud
611 1268 755 1350 proxima
769 1276 852 1329 mota
866 1265 997 1344 viarum,

251 1370 373 1434 Armati
387 1367 534 1434 tendunt:
556 1373 580 1434 it
594 1368 722 1449 clamor,
737 1381 777 1446 et,
793 1371 914 1454 agmine
929 1367 1022 1446 laeto,
1222 1371 1284 1428 595

251 1471 515 1560 Quadrupedante
530 1485 651 1556 putrem
666 1471 765 1536 sonitu
780 1470 878 1554 quatit
892 1470 1004 1555 ungula
1018 1489 1174 1554 campum.

251 1572 309 1636 Est
323 1575 429 1660 ingens
444 1571 579 1659 gelidum
594 1570 682 1638 lucus
696 1594 794 1658 prope
810 1572 934 1637 Caeritis
951 1593 1083 1651 amnem,

253 1673 430 1760 Relligione
445 1687 568 1760 patrum
584 1673 646 1738 loth
662 1695 771 1738 sacer:
794 1673 931 1758 undique
946 1672 1044 1738 colles

252 1782 410 1848 inclusere
425 1787 507 1862 cavi,
518 1796 549 1847 et
563 1779 650 1868 nigri
665 1804 772 1848 nemus
788 1783 892 1847 abiete
906 1784 1045 1867 cingunt.

253 1885 379 1952 Silvano
393 1887 477 1950 fama
491 1898 539 1950 est
552 1897 673 1954 veteres
688 1884 830 1949 saeuisse
846 1883 1004 1969 Pelasgos,
1056 1955 1058 1958 ¹
1224 1887 1286 1946 600

251 1991 407 2054 Arvorum
421 1988 606 2074 pecorisque
621 1986 692 2066 deo,
706 1985 872 2072 lucumque
886 1985 1041 2070 diemque,

252 2092 314 2174 Qui
328 2091 420 2178 primi
433 2092 510 2156 lines
524 2090 692 2177 aliquando
708 2089 848 2155 habuere
863 2089 1002 2154 Latinos.

222 2226 228 2238 ·
253 2187 354 2260 Hdud
367 2195 477 2280 procul
492 2195 565 2260 hinc
579 2195 707 2260 Tarcho
722 2207 753 2258 et
768 2193 927 2280 Tyrrheni
942 2205 1006 2256 tuta
1021 2190 1170 2256 tenebant

253 2295 367 2361 Castra
382 2296 479 2376 locis;
500 2297 647 2380 celsoque
662 2297 759 2360 omnis
774 2294 814 2359 de
828 2293 910 2359 colle
924 2295 1024 2360 videri

251 2397 324 2462 Jam
339 2411 461 2484 poterat
475 2397 566 2484 legio,
581 2413 611 2462 et
625 2397 695 2462 latis
710 2395 859 2460 tendebat
872 2396 902 2460 in
918 2399 1013 2460 arvis.
1227 2399 1286 2458 605

172 2567 175 2576 ,
253 2501 329 2564 Huc
343 2513 434 2585 pater
446 2497 566 2564 AEneas
581 2513 611 2564 et
626 2497 710 2564 bello
725 2498 805 2562 lecta
811 2499 957 2584 juventus

254 2600 440 2683 Succedunt,
455 2602 590 2686 fessique
605 2615 637 2666 et
651 2622 748 2686 equos
763 2583 795 2665 el
807 2621 940 2686 corpora
952 2611 1073 2666 curant.

296 2705 339 2768 At
354 2704 462 2769 Venus
476 2703 621 2768 atherius
635 2704 716 2768 inter
730 2703 791 2768 dea
805 2702 942 2768 eandida
957 2703 1080 2768 nimbos

254 2803 348 2870 Dona
363 2805 465 2896 serens
480 2806 607 2871 aderat:
630 2823 798 2890 natumque
813 2807 842 2870 in
857 2805 938 2870 valle
953 2803 1082 2872 reduco

255 2905 299 2972 Ut
313 2907 422 2992 procul
438 2907 560 2993 egelido
575 2922 728 2974 secretum
743 2908 866 2973 flumine
882 2908 969 2986 vidit,
1227 2913 1287 2971 610

254 3007 387 3072 Talibus
401 3007 495 3074 affata
510 3023 556 3074 est
570 3009 670 3091 dictis,
685 3032 781 3094 seque
796 3008 908 3074 obtulit
922 3009 1020 3075 ultro:

254 3109 303 3174 En
319 3111 459 3196 perlecta
473 3113 533 3176 mei
548 3111 700 3198 promissi
713 3113 851 3199 conjugis
867 3127 933 3178 arte

253 3211 406 3276 Munera:
429 3236 468 3278 ne
482 3235 555 3278 mox
571 3228 623 3278 aut
638 3213 821 3295 Laurentes,
836 3227 918 3293 nate,
933 3213 1095 3300 superbos,

255 3316 319 3379 Aut
333 3337 441 3380 acrem
455 3315 578 3396 dubites
593 3317 622 3381 in
638 3317 749 3402 proelia
763 3339 894 3404 poscere
908 3318 1061 3382 Turnum.

254 3415 355 3498 Dixit,
370 3431 400 3482 et
414 3411 575 3504 amplexus
589 3423 654 3484 nati
670 3419 833 3506 Cytherea
847 3420 973 3506 petivit:
1227 3423 1285 3482 615

254 3520 352 3583 Arma
366 3520 424 3584 sub
439 3519 570 3588 adversi
585 3522 685 3605 posuit
700 3521 856 3586 radiantia
870 3543 998 3607 quercu.

255 3619 312 3685 llle
327 3619 395 3686 dem
410 3621 501 3688 donis
516 3637 546 3687 et
562 3635 646 3688 tanto
661 3622 747 3686 laetus
762 3623 880 3686 honore

255 3722 387 3808 Expleri
401 3726 515 3811 nequit,
529 3738 622 3810 atque
637 3724 743 3790 oeulos
757 3745 813 3810 per
828 3724 947 3808 singula
962 3725 1104 3808 volvite,

257 3823 461 3910 Miraturque,
476 3831 617 3912 interque
633 3847 741 3892 manus
756 3840 786 3892 et
801 3825 932 3891 brachia
947 3841 1070 3900 versat,
1105 3823 1143 3925 ,13

256 3921 444 3994 Terribilem
459 3933 560 3996 cristis
574 3931 696 4018 galeam
711 3931 912 4016 flammasque
929 3894 1136 4012 vomentenff
1227 3933 1286 3995 620

257 4031 488 4118 Futilerumque
504 4057 629 4114 ensem,
652 4035 780 4099 loricam
795 4057 834 4100 er
850 4055 912 4099 aere
927 4035 1037 4121 rigent,
1079 4083 1088 4115 ,

258 4133 474 4221 Sanguineam,
488 4137 652 4222 ingentem,
667 4137 767 4223 qualis
784 4159 876 4226 quum
891 4138 1007 4204 corula
1020 4058 1120 4206 rides
