2992 5102
588 584 871 648 BUCOLlCORUM

241 741 349 832 [Step'e
366 749 485 816 sinistra
501 751 578 818 cavi
593 756 734 837 predixit
749 760 787 823 ab
803 759 874 823 ilioe
890 763 1027 849 aornim]

241 853 306 918 Sed
323 871 436 933 tamen,
452 859 508 921 iste
525 859 602 923 deus
618 864 667 946 qui
684 863 731 940 sit,
748 864 798 941 da,
815 861 935 946 Tityre,
951 868 1050 934 nobis.

653 985 808 1029 eternus.
1183 1021 1185 1024 .

241 1063 358 1128 Urbem
373 1088 465 1151 quam
482 1067 586 1132 dicunt
603 1067 748 1148 Romam,
760 1069 918 1151 Meliboee,
934 1078 1036 1160 putavi
1222 1082 1266 1140 20

242 1171 357 1235 Stultus
373 1194 431 1257 ego
448 1174 518 1237 huic
534 1190 640 1238 nostre
658 1175 798 1254 similem,
816 1175 876 1262 qud
892 1181 972 1264 sepe
989 1182 1124 1247 solemus

240 1278 386 1342 Pastores
396 1280 497 1342 ovium
514 1295 636 1345 teneros
651 1281 810 1366 depellere
822 1282 919 1348 setus:

241 1381 294 1448 Sic
310 1387 436 1449 canibus
451 1386 567 1450 catulos
582 1387 706 1463 similes,
721 1389 765 1452 sie
782 1390 927 1454 matribus
942 1391 1046 1456 ludos

241 1488 381 1568 Nbram3
405 1490 448 1554 sic
464 1491 564 1575 parvis
579 1511 764 1575 componere
780 1503 891 1578 magna
902 1494 1048 1559 solebam.

238 1593 355 1658 Vertim
371 1595 436 1659 hac
452 1597 566 1660 tantiam
583 1597 656 1660 alias
671 1597 748 1660 inter
764 1612 856 1693 caput
871 1600 979 1664 extruit
993 1603 1096 1678 urbes,

240 1699 398 1776 Quantum
413 1700 494 1766 lenta
509 1702 607 1766 solent
621 1703 699 1766 inter
714 1683 1002 1792 vibltl‘a'bupresst

631 1825 819 1872 sanaremus.

240 1910 282 1976 Et
297 1932 362 1995 quae
377 1925 459 1975 tanta
475 1908 530 1972 fuit
545 1906 679 1974 Romam
694 1911 748 1975 tibi
763 1935 856 1979 causa
870 1913 1020 1978 videndi?

645 2033 802 2078 armus.

237 2117 398 2182 Libertas:
422 2139 498 2203 que,
514 2139 594 2196 sera,
610 2133 713 2182 tamen
729 2121 866 2204 respexit
880 2122 1020 2201 inertem,

237 2223 404 2289 Candidior
420 2237 579 2308 postquam
595 2225 731 2288 tondenti
747 2225 842 2290 barba
857 2228 1007 2291 cadebat:

237 2329 391 2413 Respexit
405 2341 518 2404 tamen,
535 2328 671 2410 erlongo
687 2341 755 2410 post
773 2346 912 2412 tempore
928 2333 1021 2410 venit,

237 2433 405 2520 Postquam
421 2451 476 2496 nos
491 2429 655 2514 Amaryllis
670 2431 772 2508 habet,
786 2430 916 2518 Galatea
932 2435 1063 2520 reliquit.

237 2541 392 2625 Namque,
409 2535 526 2600 fatebor
542 2534 634 2614 enim,
651 2535 725 2599 duro
741 2557 792 2601 me
808 2536 939 2604 Galatea
954 2538 1087 2616 tenebat,

237 2649 308 2714 Nec
324 2667 394 2732 spes
409 2643 555 2707 libertatis
569 2656 645 2721 erat,
661 2663 720 2706 nec
736 2663 810 2708 cura
824 2640 947 2728 peculi:

238 2752 388 2830 Quamvis
403 2750 498 2813 multa
513 2749 590 2812 meis
605 2749 704 2812 exiret
719 2749 841 2814 victime
857 2750 962 2834 septis,

238 2859 366 2944 Pinguis
382 2870 413 2920 et
429 2857 550 2941 ingrate
565 2867 757 2939 premeretur
772 2877 882 2920 caseus
898 2856 976 2934 urbi,

236 2970 308 3034 Non
325 2985 457 3054 unquam
472 2962 570 3047 gravis
586 2983 644 3025 ere
661 2962 786 3025 domum
802 2963 875 3026 milri
891 2964 1000 3026 dextra
1015 2962 1143 3028 redibat,

631 3085 819 3130 neamus.

238 3171 384 3250 Mirabar,
401 3173 473 3258 quid
490 3185 599 3236 ntoesta
614 3171 701 3248 deos,
714 3171 873 3256 Amarylli,
883 3191 1034 3250 vocares,

193 3357 194 3360 Ἴ
237 3281 298 3345 Cui
313 3278 450 3365 pendere
467 3275 522 3340 suti
536 3276 683 3361 patereris
698 3277 728 3338 in
744 3276 853 3340 arbore
870 3297 983 3360 pomae

154 3449 158 3456 ,
236 3387 363 3472 Tityrus
378 3384 449 3448 hinc
465 3383 580 3447 aberat·
624 3380 700 3464 Ipsa
716 3396 758 3458 te,
774 3381 894 3465 Tityre,
909 3382 1008 3467 pinus,

237 3489 299 3578 lpsi
315 3505 345 3554 te
361 3489 470 3565 sontes,
486 3489 551 3574 ipsa
565 3487 631 3552 heo
647 3488 779 3565 arbusta,
793 3487 955 3552 vocabant.

641 3610 797 3654 serenos.

238 3699 324 3777 Quid
340 3696 498 3764 lacerem?
521 3715 622 3779 neque
638 3695 760 3758 servitio
775 3715 825 3756 me
841 3694 926 3758 exire
942 3693 1063 3768 licebat,

239 3805 308 3869 Nec
324 3819 386 3868 tarn
401 3815 565 3887 presentes
580 3799 648 3864 alibi
666 3819 853 3881 cognoscere
869 3798 966 3861 diros.

240 3911 301 3975 llic
318 3910 400 3974 ibam
416 3908 476 3972 vidi
488 3909 645 3993 juvenem,
661 3901 819 3980 Meliboee,
836 3904 995 3988 quotannis

239 4015 296 4080 Bis
313 4035 402 4079 senos
417 4013 467 4076 cui
483 4028 584 4077 nostra
596 4011 662 4076 dies
679 4008 783 4074 altaria
799 4007 926 4072 sumant.

241 4119 304 4187 Hic
320 4119 392 4184 mihi
404 4139 583 4203 responsum
598 4118 714 4203 primus
729 4114 814 4179 dedit
829 4114 879 4178 ille
895 4114 1029 4198 petentia

241 4226 375 4304 Pascite,
387 4239 421 4290 ut
436 4223 516 4300 ante,
531 4223 636 4302 boves,
652 4223 762 4310 pueri3
785 4220 948 4288 submittite
964 4233 1076 4286 tauros.
