2956 5132
654 513 770 576 mit
788 515 810 574 l.
1219 527 1275 582 115

230 663 333 734 Ludis
346 661 561 751 imaginibust
581 679 640 728 cur
654 661 772 730 derue
781 665 914 752 jungere
928 664 1074 734 dextram

230 769 304 838 Non
318 769 421 848 datur,
435 785 475 831 ae
489 785 586 832 veras
599 763 712 832 audire
726 779 758 832 et
771 765 908 834 reddere
922 773 1042 834 vocent

228 873 366 940 Talibus
379 875 514 952 incuset,
527 889 731 957 gressumque
746 868 789 936 od
802 875 919 936 noma
934 871 1045 938 tendit.
1203 885 1266 941 tto

231 979 277 1042 At
290 977 398 1042 Venus
412 976 553 1041 obscuro
565 971 745 1060 gradientes
760 975 836 1040 aire
851 977 957 1060 sepsit,

236 1079 280 1144 Et
293 1077 389 1159 multo
402 1076 527 1144 nebule
541 1073 662 1142 circtm
675 1075 739 1142 dea
752 1075 833 1140 ludit
848 1079 972 1158 amictu,

232 1164 373 1245 Cernere
387 1201 428 1245 ne
444 1183 515 1265 quis
529 1199 593 1259 eos,
607 1197 669 1244 neu
683 1182 754 1264 quis
769 1181 949 1264 contingere
962 1193 1078 1266 posset,

231 1281 380 1348 Molirive
394 1301 528 1361 moram,
541 1294 595 1346 out
608 1281 756 1348 veniendi
771 1303 904 1367 poscere
918 1303 1041 1350 causas.

229 1386 304 1472 lpsa
319 1385 465 1473 Paphum
479 1383 623 1450 sublimis
638 1384 715 1465 abit,
732 1383 886 1470 sedesque
899 1389 1009 1452 revisit

229 1493 318 1559 Lata
332 1515 415 1574 suas,
429 1493 486 1558 ubi
500 1491 651 1578 templum
666 1489 723 1572 illi,
737 1502 925 1576 centumque
940 1492 1051 1557 Sabeo

230 1595 343 1662 Thure
357 1595 459 1662 calent
474 1615 547 1678 are,
561 1598 718 1680 senisque
732 1595 913 1660 recentibus
928 1593 1047 1662 halant.

277 1699 468 1785 corripuere
482 1703 569 1765 mam
584 1702 716 1778 interea,
731 1695 793 1783 qud
807 1701 919 1764 semita
934 1712 1096 1764 monstrat.

227 1804 369 1888 Jamque
383 1801 596 1868 ascendebant
610 1799 725 1866 collem
741 1804 795 1887 qui
809 1799 961 1886 plurimus
975 1803 1047 1868 urbi

227 1905 386 1986 imminet,
400 1903 614 1992 edumasque
628 1902 793 1990 adspectat
807 1901 944 1989 desuper
958 1925 1060 1972 arces.

227 2007 368 2072 Miratur
382 2006 495 2072 molem
510 2007 637 2086 Eusene,
651 2005 787 2092 magalia
803 2004 979 2090 quondam

227 2109 367 2174 Mis-mur
379 2123 498 2196 ponas,
511 2111 749 2195 eoepitumque,
764 2121 795 2172 et
809 2121 907 2172 strata
922 2111 1055 2176 viarum.

225 2213 348 2278 instant
362 2211 510 2278 amentes
524 2214 639 2300 Tyriie
661 2233 737 2298 pars
753 2211 872 2277 ducere
887 2231 1001 2292 muros,

225 2315 403 2400 Moliriqne
418 2333 536 2394 arcem,
548 2327 580 2380 et
592 2315 739 2381 manibus
754 2312 943 2380 subvolvere
958 2333 1055 2392 saxa3

225 2419 308 2484 Pars
324 2431 438 2504 optare
452 2416 553 2482 locum
567 2431 660 2506 tecto,
674 2433 705 2484 et
719 2417 910 2484 concludere
924 2416 1022 2482 sulco.

223 2522 318 2602 lura,
334 2523 592 2607 magistratumque
608 2520 723 2609 legunt,
738 2533 942 2606 sanctumque
957 2535 1108 2589 senatum.

227 2623 296 2687 fltc
311 2635 421 2710 portus
436 2621 490 2687 alii
505 2621 677 2703 effodiunt3
700 2623 752 2689 hic
769 2621 833 2688 alta
848 2622 978 2688 theatris

228 2723 445 2792 Fundamenta
460 2724 565 2792 locant
579 2725 653 2806 alii3
675 2729 889 2811 immanesque
904 2725 1066 2792 columnas

226 2825 376 2913 Rupibus
389 2825 548 2908 excidunt,
562 2831 667 2894 scenis
681 2827 800 2894 decora
815 2826 880 2894 alta
894 2829 1014 2893 suturis.

223 2928 339 3012 Qtralis
354 2951 430 3016 apes
444 2943 550 2996 estate
565 2930 647 2995 nova
656 2952 717 3016 per
730 2931 827 2996 florea
842 2951 917 2996 rura

226 3031 366 3096 Exercet
380 3031 439 3096 sub
452 3032 519 3098 sole
534 3030 636 3113 labor,
651 3053 746 3118 quum
756 3036 857 3120 gentis
872 3031 994 3098 adultos

226 3134 374 3200 Educunt
388 3137 501 3216 foetus3
524 3149 577 3201 aut
592 3157 687 3222 quum
703 3135 855 3223 liquentia
871 3134 965 3204 mella

226 3237 360 3323 Stipant,
375 3251 405 3302 et
420 3237 506 3303 dulci
520 3236 702 3304 distendunt
715 3253 844 3304 nectare
859 3239 975 3320 cellas3
1100 3295 1104 3305 .

224 3339 288 3402 Aut
304 3361 402 3404 onera
417 3343 576 3425 accipiunt
590 3342 788 3421 vem'eotdm3
810 3355 872 3422 aut,
887 3345 1011 3428 agmine
1025 3343 1119 3424 secto,

223 3441 375 3527 lgnavtrm
390 3443 478 3508 fucos
491 3463 589 3529 pecus
604 3465 623 3507 a
637 3446 833 3530 praesepibus
848 3457 970 3510 arcent.

224 3541 340 3608 Fervet
353 3565 442 3631 opus,
458 3544 663 3631 redolentque
678 3546 788 3634 thymo
803 3549 975 3634 fragrantia
989 3545 1096 3611 mella.

222 3643 257 3708 0
271 3645 428 3726 fortunati,
443 3668 574 3742 quornm
585 3649 652 3736 jam
667 3653 783 3715 rotenia
797 3651 941 3736 surgunt!

222 3745 342 3811 Eneas
356 3753 416 3829 ait;
439 3763 472 3814 et
484 3750 609 3836 fastigia
623 3754 754 3836 smpicit
766 3753 867 3816 urbis.

219 3850 324 3914 infert
337 3873 370 3915 se
384 3867 489 3938 septus
503 3853 629 3934 nebulis,
644 3855 789 3920 mirabile
804 3853 900 3936 dictu,
979 3881 981 3886 ’

216 3955 285 4018 Per
299 3953 429 4034 medios,
444 3959 615 4042 miscetque
630 3961 724 4037 viriet
747 3979 848 4043 neque
864 3961 1003 4024 cernitur
1018 3955 1085 4021 ulli.

264 4053 371 4120 Lucus
385 4059 419 4120 in
433 4057 512 4122 urbe
528 4059 585 4122 fuit
598 4057 713 4139 media,
729 4059 905 4123 laetissimus
926 4057 1057 4129 umbre.

218 4157 296 4240 Quo
309 4158 447 4243 primum
458 4161 570 4247 jactati
584 4161 676 4228 undis
691 4175 722 4228 et
737 4143 861 4228 tulbine
878 4162 965 4228 Poeni
