2978 5124
175 497 234 555 290
619 489 809 550 AENEIDOS

218 645 391 734 Tyrrhidae
401 649 543 734 juvenes,
561 645 666 710 medio
680 645 745 712 dux
761 646 881 732 agmine
897 644 1022 711 Turnus

184 767 190 778 ¹
218 747 383 834 [Vertitur
398 772 487 816 arma
500 762 619 831 tenens,
633 763 664 814 et
679 762 743 814 toto
758 749 876 814 vertice
891 750 984 835 supra
1000 762 1047 814 est
1057 749 1087 836 ε]

221 855 290 920 Ceu
304 871 424 940 septem
438 875 567 942 surgens
581 853 695 918 sedatis
710 854 853 918 amnibus
868 853 947 918 altus

223 957 284 1022 Per
298 957 424 1022 tacitum
437 957 574 1041 Ganges,
589 969 642 1020 aut
656 956 763 1041 pingui
777 954 903 1020 flumine
918 953 1016 1033 Nilus,

221 1059 326 1139 Quum
339 1057 442 1124 refluit
455 1060 586 1142 campis,
599 1070 631 1121 et
641 1058 707 1143 jam
723 1077 757 1120 se
771 1055 913 1120 condidit
928 1057 1030 1120 alveo.

223 1161 290 1226 Hic
304 1161 440 1225 subitam
456 1161 545 1246 nigro
559 1157 724 1244 glomerari
739 1157 868 1245 pulvere
883 1159 996 1222 nubem

224 1263 420 1348 Prospiciunt
434 1261 561 1342 Teucri,
576 1281 614 1326 ac
629 1261 775 1326 tenebras
791 1261 950 1345 insurgere
965 1263 1097 1346 campis.

224 1365 345 1431 Primus
360 1366 401 1430 ab
416 1363 550 1430 adversa
563 1364 739 1428 conclamat
753 1363 835 1428 moie
851 1363 988 1428 Caicus:

223 1467 301 1549 Quis
315 1467 435 1553 globus,
450 1489 469 1530 o
482 1469 579 1546 cives,
593 1465 728 1552 caligine
743 1464 876 1528 volvitur
891 1464 975 1529 atris!

224 1572 317 1638 Ferte
331 1571 384 1638 ci'ti
399 1573 525 1652 serrum,
540 1570 613 1635 date
629 1569 702 1649 tela,
716 1569 856 1635 scandite
871 1591 995 1647 muros,

226 1673 337 1740 Hostis
351 1673 449 1756 adest,
464 1676 533 1738 eia!
557 1673 676 1760 ingenti
692 1672 831 1737 clamore
846 1693 903 1764 per
917 1693 1026 1736 omnes

206 1767 211 1777 ¹
225 1779 371 1844 Condunt
385 1801 419 1844 se
434 1779 551 1842 Teucri
565 1791 682 1864 portas,
697 1789 728 1840 et
742 1776 856 1840 moenia
870 1775 1037 1861 complent.

225 1881 368 1967 Namque
384 1884 427 1946 ita
441 1879 607 1945 discedens
621 1891 814 1966 preceperat
828 1881 962 1963 optimus
978 1879 1075 1942 armis

176 1984 180 1993 '
226 1981 357 2047 AEneass
380 1982 406 2044 si
420 2003 482 2067 qua
496 1985 615 2046 interea
629 1981 752 2044 fortuna
767 1981 885 2060 suisset,

225 2085 274 2150 Ne
289 2099 407 2150 struere
423 2083 575 2150 auderent
590 2087 702 2165 aciem,
716 2105 777 2148 neu
791 2083 922 2148 credere
937 2103 1071 2169 camp03

226 2187 340 2254 Castra
354 2185 448 2254 modd
462 2201 494 2252 et
507 2200 588 2254 tutos
602 2199 765 2254 servarent
779 2209 893 2274 aggere
907 2207 1023 2254 muros.

225 2289 319 2378 Ergo,
334 2295 392 2357 etsi
408 2292 551 2357 conierre
565 2311 690 2356 manum
705 2289 806 2376 pudor
820 2291 928 2376 iraque
943 2303 1102 2368 monstrnt,

227 2393 390 2481 Objiciunt
402 2406 510 2480 portes
525 2406 639 2473 mmen,
654 2406 685 2458 et
698 2405 858 2478 praecepta
872 2394 1038 2472 iacessunt,

226 2498 409 2583 Armatique
423 2500 511 2562 cavis
525 2508 708 2582 exspectant
723 2497 859 2562 turribus
874 2496 1007 2562 hostem.

225 2601 361 2680 Turnus,
376 2613 409 2662 ut
423 2600 495 2663 ante
510 2597 618 2662 voians
633 2596 757 2688 tardum
771 2610 976 2682 precesserat
991 2617 1113 2684 agmen,

226 2695 347 2790 Viginti
362 2701 451 2767 iectis
466 2705 604 2788 equitum
618 2701 790 2780 comitatus,
804 2714 835 2765 et
848 2701 921 2765 urbi

227 2806 416 2891 improvisus
431 2803 541 2884 adest;
563 2803 695 2870 maculis
711 2825 804 2890 quem
818 2803 974 2868 Thracius
990 2803 1070 2871 albis
1096 2873 1099 2878 ,

229 2908 335 2973 Portat
350 2929 458 2994 equus,
472 2905 629 2992 cristaque
644 2911 720 2994 tegit
735 2909 825 2994 galea
840 2927 938 2972 aurea
951 2907 1059 2972 rubrd.
1219 2915 1260 2973 60

228 3010 344 3096 Ecquis
359 2999 417 3075 erit
431 3031 563 3092 mecum,
573 3011 728 3097 juvenes?
750 3013 804 3095 qui
818 3011 936 3098 primus
951 3010 982 3075 iu
997 3008 1170 3076 hostem..?

228 3113 286 3194 En,
301 3113 361 3178 ait:
384 3125 416 3178 et
424 3112 566 3200 jaculum
581 3112 770 3198 adtorquens
786 3113 896 3178 emittit
910 3116 942 3178 in
957 3133 1058 3194 auras,

228 3214 418 3300 Principium
432 3237 553 3302 pugnae,
568 3227 600 3279 et
613 3236 727 3300 campo
741 3237 810 3280 sese
826 3213 941 3279 arduus
957 3217 1059 3279 infert.

229 3318 377 3384 Clamore
392 3319 554 3404 excipiunt
568 3319 655 3400 socii,
670 3319 856 3404 fremituque
871 3331 1041 3404 sequuntur

228 3422 425 3488 Horrisono:
447 3419 608 3488 Teucrrim
622 3421 1033 3502 miranturinertiacorda3
1221 3428 1262 3484 65

228 3525 300 3592 Non
314 3547 406 3611 equo
419 3526 497 3591 dare
512 3546 547 3590 se
561 3545 685 3611 campo,
700 3547 761 3590 nou
775 3525 870 3590 obvia
883 3525 967 3590 ferre

229 3631 326 3696 Arma
340 3632 436 3710 viros,
450 3628 507 3694 sed
521 3643 627 3696 castra
642 3629 761 3694 fovere.
805 3629 881 3692 Huc
896 3626 1037 3692 turbidus
1052 3639 1145 3714 atque
1160 3626 1221 3692 huc

228 3733 357 3798 Lustrat
370 3755 452 3820 equo
467 3755 581 3814 muros,
595 3731 776 3816 aditumque
790 3752 848 3818 per
861 3731 933 3796 avia
948 3733 1066 3816 querit.

229 3842 278 3904 Ac
293 3839 390 3904 veluti
405 3838 498 3925 pieno
514 3838 603 3926 iupus
618 3837 783 3904 insidiatus
797 3835 882 3917 ovili,

178 3947 217 4022 0
229 3943 333 4024 Quum
348 3943 451 4008 fremit
465 3941 505 4008 ad
521 3943 638 4021 caulas,
652 3953 762 4006 ventos
776 3959 943 4026 perpessus
958 3951 989 4004 et
1004 3938 1130 4020 imbres,
1222 3940 1265 4000 60

230 4045 331 4112 Nocte
346 4066 440 4132 super
454 4045 577 4126 medisi3
599 4045 656 4116 tuti
669 4045 727 4110 sub
742 4043 894 4108 matribus
910 4042 981 4127 agni

232 4146 375 4212 Raiatum
391 4160 558 4232 exercent:
581 4145 645 4226 iiie,
660 4167 753 4232 asper
768 4157 798 4211 et
813 4143 973 4230 improbus
987 4143 1045 4224 irai,
