2992 5102
439 393 448 431 l

643 477 791 538 GEORG.
831 477 903 538 ΜΒ.
924 479 957 535 ll.

300 635 352 700 Nil
367 633 482 699 radicis
497 643 591 715 agent
606 629 696 710 eliu3
718 650 932 714 summumque
948 643 1069 714 putetur

300 740 395 804 Haud
411 739 528 804 dubim
543 751 633 800 terre
650 733 787 800 referens
802 736 949 802 insudare
965 757 1117 804 cacumen
1130 760 1139 802 r

302 845 385 922 Quin
400 861 431 910 et
445 841 631 908 erudiebas
644 841 747 917 sectis,
764 841 901 906 mirebils
918 841 1025 908 dictu!
1294 847 1335 908 30

301 952 447 1016 Truditur
462 971 482 1012 e
497 947 585 1012 sicco
599 945 689 1010 tetlix
704 947 845 1031 oleagina
859 947 941 1032 ligno
955 970 965 1010 e

301 1055 344 1121 Et
358 1055 438 1143 πρὸ
451 1053 577 1119 alterius
592 1073 697 1118 remos
709 1052 833 1138 impunis
850 1053 990 1120 ridemus

299 1159 431 1224 Vertere
447 1161 479 1224 in
495 1159 631 1237 alterius,
645 1141 856 1244 mentemque
871 1157 960 1224 insite
976 1161 1057 1226 mels

301 1263 398 1330 Ferre
410 1267 524 1350 pirum,
540 1277 572 1327 et
585 1263 691 1348 premis
704 1262 842 1348 lapidosa
858 1262 1022 1328 rubescere
1038 1285 1142 1332 eorm.
1169 1323 1173 1330 .

341 1367 449 1444 Quare
465 1369 556 1452 agite,
571 1389 602 1445 n,
617 1368 756 1453 proprius
771 1368 939 1451 generatim
956 1369 1063 1436 discite
1080 1371 1190 1449 cultus,
1287 1373 1343 1449 35x

298 1473 461 1559 Agricolae,
478 1471 656 1557 fructusque
672 1470 757 1536 leros
770 1472 885 1538 mollite
901 1473 1045 1542 colendo.

298 1579 373 1646 Neu
387 1599 496 1664 segnes
505 1578 634 1665 jaceant
648 1591 757 1642 tener
774 1576 861 1662 juvet
876 1575 993 1643 lemare
1008 1579 1136 1678 Bncrbp

299 1683 485 1761 conarere,
500 1699 594 1770 atque
609 1681 682 1748 etet
696 1703 840 1768 mamma
855 1684 968 1748 vestire
982 1681 1174 1750 Taburnum.

345 1788 456 1874 Tuque
471 1791 557 1867 ades
572 1790 790 1874 inceptumque
806 1787 869 1852 aab
882 1789 1014 1854 decurre
1029 1791 1179 1870 lebetem,

298 1893 331 1958 Ο
346 1895 452 1972 decus,
467 1917 486 1958 ο
501 1893 590 1960 lame
607 1891 718 1958 meritis
732 1913 803 1978 pare
817 1893 954 1958 maxime
969 1911 1089 1973 nostre,
1288 1903 1331 1962 40

297 1997 464 2076 Mesenae,
479 2000 657 2084 pelagoque
670 1997 777 2060 rolens
792 1998 834 2062 tle
849 1997 917 2062 uela
926 2000 1058 2082 patenti.

296 2100 369 2168 Non
385 2125 444 2188 ego
458 2115 571 2166 cuneta
585 2101 664 2168 meis
680 2101 824 2186 amplecti
839 2103 978 2170 versibus
992 2117 1064 2186 nptc
1077 2123 1089 2184 ς

295 2207 380 2286 Non,
395 2208 472 2271 mihi
487 2208 514 2270 si
528 2207 636 2290 lingue
651 2219 776 2274 eentum
791 2207 862 2286 sint,
877 2227 993 2290 oreque
1009 2221 1144 2285 eentum,

290 2311 416 2380 Ferrea
432 2333 517 2376 vox:
538 2313 622 2390 ades,
636 2325 668 2377 et
681 2312 772 2396 primi
786 2311 856 2398 legs
871 2310 978 2380 littoris
993 2331 1100 2395 oetm3

291 2417 331 2483 ln
349 2416 613 2488 manibusrerrer
634 2414 760 2484 nonblc
776 2430 806 2484 te
822 2415 961 2486 carteiae
973 2417 1058 2496 licto,
1286 2425 1337 2484 to

294 2523 401 2608 Atque
412 2543 468 2607 per
483 2521 628 2608 ambages
643 2535 675 2588 et
690 2521 781 2606 longe
796 2543 919 2599 exorsa,
934 2523 1058 2592 tenebo.

340 2627 456 2714 Sponte
473 2627 528 2694 sui
543 2647 610 2714 quae
626 2649 661 2692 ss
677 2625 783 2696 tollunt
798 2627 827 2692 in
844 2628 965 2696 luminis
980 2649 1080 2707 suras,
1210 2701 1215 2709 ,

295 2733 478 2802 lnloecuntla
494 2737 631 2821 quidem,
648 2734 703 2798 sed
718 2735 786 2799 leta
802 2749 834 2800 et
849 2732 938 2802 sortia
952 2750 1099 2822 surgunt:

295 2840 422 2928 Quippe
437 2841 502 2906 solo
517 2857 626 2906 natura
640 2841 755 2924 subest.
779 2837 902 2906 Tamen
918 2841 984 2906 bec
1000 2862 1122 2927 quoque
1138 2843 1163 2910 si
1180 2845 1246 2928 quis

289 2944 425 3020 luserat,
439 2959 491 3014 aut
506 2945 665 3012 scrobibus
681 2943 807 3014 mandet
821 2957 938 3014 muttta
953 2945 1099 3028 subactis,
1285 2953 1327 3012 60

297 3049 453 3116 Exuerint
467 3053 638 3118 silvestrem
653 3050 802 3130 eruantur,
815 3051 962 3137 cultuque
978 3052 1129 3140 frequenti

294 3155 331 3220 ln
347 3176 555 3240 quercumque
571 3176 665 3223 rnees
681 3167 762 3222 entes
776 3155 860 3224 hautl
869 3157 957 3224 tarrla
972 3174 1148 3243 sequentur.

293 3259 366 3325 Nec
381 3281 443 3326 non
458 3275 489 3327 et
499 3261 610 3327 serite
625 3281 692 3346 que
707 3261 851 3346 stirpibus
864 3265 928 3328 exit
942 3263 981 3329 eb
997 3265 1066 3330 imis

293 3363 368 3430 lloc
384 3365 486 3444 brier,
500 3387 615 3434 vacuae
630 3367 656 3432 si
670 3367 710 3434 sit
725 3367 844 3452 digesta
858 3389 916 3454 per
929 3387 1041 3454 agros:

293 3477 389 3542 Nunc
405 3481 472 3542 altre
487 3478 614 3544 frondes
629 3491 661 3543 et
674 3480 752 3544 rami
766 3480 870 3544 menie
884 3493 1025 3564 αμα,
1284 3486 1324 3546 56

294 3581 520 3670 crescentique
535 3585 673 3650 adimunt
688 3583 790 3665 toears,
805 3599 956 3672 amatque
971 3583 1131 3652 serentem.

233 3711 242 3718 ·
337 3685 409 3752 Jam
425 3709 491 3773 quae
507 3688 674 3754 seminibus
683 3687 777 3776 jactis
791 3710 825 3756 ee
840 3690 958 3756 mouit
973 3689 1062 3756 arbae

292 3789 398 3857 Tarda
414 3793 506 3870 venit,
522 3795 601 3858 seris
613 3794 729 3862 laeana
744 3795 907 3882 nepotum
923 3796 1087 3878 tuabi-am

292 3897 455 3984 Pomaque
471 3901 669 3984 degenerant,
684 3923 798 3970 secem
809 3903 902 3972 obbta
913 3903 1029 3988 priores
1040 3926 1051 3986 ι

292 4003 339 4069 Et
354 4019 468 4091 aupes,
484 4005 594 4072 afflue
606 4009 751 4094 predam,
767 4008 826 4074 lert
840 4029 900 4078 eve
914 4027 1065 4077 racemus.
1279 4013 1322 4076 60

292 4109 425 4174 Scilicet
439 4113 583 4176 cunibus
596 4125 643 4176 est
655 4113 742 4180 leber
755 4113 992 4199 impendendus,
1002 4128 1034 4179 et
1048 4137 1155 4182 onnes
1244 4157 1249 4167 ·

289 4211 450 4296 Cogende
467 4215 496 4279 in
513 4215 642 4296 sulcum,
658 4237 696 4284 ae
711 4214 808 4285 mlttb
821 4218 967 4294 mercede
981 4217 1151 4288 dotando.
