2936 5122
195 480 252 538 376
638 473 828 536 AENEIDOS

238 625 374 716 Disjicit,
389 640 420 692 et
434 647 543 714 sparso
558 625 621 692 latri
636 630 717 712 rigat
732 647 818 691 arms
833 645 956 690 cruore.

240 730 303 796 Olli
318 729 397 795 dura
412 733 501 814 quies
515 729 621 794 oculos
636 741 667 792 et
681 729 800 792 terreus
816 740 905 814 urget

241 835 392 912 Somnus,
414 834 443 897 in
455 845 604 898 aternam
618 831 805 896 clauduntur
819 830 935 895 lumina
949 843 1081 894 noctem.

283 940 325 1000 At
336 937 403 1022 pius
420 935 533 1000 AEneas
549 933 692 1000 dextram
708 935 856 1000 tendebat
870 935 1029 1017 inermem,

243 1039 368 1104 Nudato
383 1042 496 1124 capite,
511 1051 604 1123 atque
619 1061 690 1102 suos
704 1037 842 1102 clamore
853 1039 1011 1108 ‚vocabatt

243 1141 314 1227 Quo
328 1145 438 1206 ruitisl
460 1163 570 1226 quaeve
585 1144 643 1206 ista
659 1165 771 1227 repens
785 1141 945 1206 discordia
959 1142 1076 1226 surgit?

243 1246 274 1312 Ο
287 1246 432 1311 cohibete
447 1244 528 1309 iras!
551 1246 644 1310 ictum
655 1248 721 1332 jam
735 1245 845 1324 loedus,
860 1259 891 1310 et
905 1267 1010 1309 omnes

245 1347 434 1434 Composita
450 1348 553 1434 leges:
576 1349 652 1413 mihi
662 1350 714 1436 jus
728 1370 914 1414 concurrere
930 1347 1006 1412 soli:

246 1451 300 1515 Me
316 1451 414 1530 sinite,
429 1465 521 1535 atque
537 1452 656 1515 auferte
670 1463 786 1522 metus:
810 1473 867 1536 ego
883 1449 1004 1514 foedera
1019 1449 1093 1512 laxo

247 1553 352 1618 Firma
367 1574 477 1618 manu:
500 1553 640 1618 Turnum
648 1555 713 1640 jam
728 1552 845 1618 debent
859 1554 928 1618 haec
943 1553 1018 1618 mihi
1032 1573 1135 1618 sacra.

247 1657 319 1720 Has
334 1659 414 1721 inter
428 1679 531 1736 voces,
546 1656 650 1721 media
664 1657 744 1722 inter
758 1657 833 1722 talia
847 1658 956 1737 verba,

248 1760 333 1825 Ecce
348 1764 416 1825 viro
431 1760 563 1825 stridens
578 1759 635 1824 alis
650 1759 770 1846 allapsa
785 1761 895 1846 sagitta
908 1773 972 1824 est:

249 1863 402 1928 lacertum
418 1863 479 1948 quia
494 1862 583 1947 pulsa
598 1885 700 1942 manu,
715 1885 777 1948 quo
792 1863 915 1928 turbine
930 1861 1064 1942 adacta3

248 1967 325 2048 Quis
341 1979 455 2030 tantam
472 1965 593 2030 Rutulis
608 1965 743 2046 laudem,
757 1988 898 2046 casusne,
912 1966 1039 2045 deusne,

248 2068 411 2133 Attulerit:
434 2089 543 2153 pressa
558 2081 604 2132 est
619 2067 744 2154 insignis
758 2069 859 2154 gloria
873 2069 969 2148 sacti3

248 2169 315 2234 Nec
331 2193 399 2235 sese
415 2170 521 2234 AEneoe
530 2172 665 2257 jactavit
679 2170 806 2236 vulnere
821 2176 997 2258 quisquam.

291 2271 425 2353 Turnus,
439 2284 472 2335 ut
486 2269 609 2336 AEnean
625 2272 787 2338 cedentem
802 2296 843 2337 ex
857 2277 979 2358 agmine
993 2273 1079 2354 vidit,
1101 2281 1106 2288 '
1121 2299 1126 2313 ¹

248 2373 467 2460 Turbatosque
482 2375 589 2455 duces,
603 2375 706 2440 subitis
721 2397 776 2460 spe
792 2376 929 2440 servidas
944 2375 1053 2440 ardete

196 2485 200 2488 ’
249 2477 353 2540 Poscit
368 2499 464 2560 equos
480 2489 573 2562 atque
591 2475 793 2556 armasimul,
808 2476 950 2562 saltuque
964 2477 1115 2563 superbus

249 2578 372 2642 Emicat
386 2579 417 2641 in
431 2600 566 2656 currum,
582 2592 613 2642 et
627 2580 769 2644 manibus
784 2579 908 2645 molitur
924 2580 1077 2646 habenas·

250 2677 350 2744 Multa
365 2679 468 2744 virdm
484 2679 617 2744 volitans
632 2679 687 2747 dat
701 2682 792 2746 sortia
808 2704 941 2768 corpora
956 2682 1038 2764 let03

250 2783 429 2846 Semineces
444 2780 541 2846 volvit
555 2783 675 2863 multos,
689 2797 741 2848 aut
756 2785 879 2871 agmina
892 2807 986 2850 curru

251 2883 394 2965 Proterit,
409 2898 462 2950 aut
477 2883 580 2971 raptas
595 2887 782 2972 fugientibus
797 2888 908 2973 ingerit
923 2887 1040 2954 hastas.

250 2987 359 3071 Qualis
375 2987 458 3073 apud
472 2988 567 3074 gelidi
581 3009 675 3072 quum
690 2990 815 3054 flumina
829 2995 969 3056 concitus
985 2992 1089 3056 Hebri

251 3093 444 3178 Sanguineus
460 3092 587 3156 Mavors
602 3090 718 3178 clypeo
734 3096 885 3180 increpat,
900 3107 993 3179 atque
1009 3096 1147 3160 furentes

250 3194 341 3260 Bella
357 3179 483 3261 movens
497 3196 630 3260 immittit
644 3218 758 3281 equos:
782 3197 825 3262 illi
840 3219 966 3283 aequore
981 3210 1090 3282 aperto

250 3301 332 3364 Ante
348 3300 445 3364 Notos
460 3300 708 3387 Zephyrumque
722 3301 848 3382 volaat3
869 3305 964 3388 gemit
978 3301 1086 3366 ultima
1099 3302 1192 3386 pulsu

250 3403 378 3468 Thraca
393 3403 528 3489 pedum3
549 3403 729 3490 circumque
744 3419 819 3470 atrae
836 3405 1023 3470 Formidinis
1037 3427 1104 3486 ora,
1224 3405 1283 3465 335

252 3509 384 3594 lraeque,
400 3507 595 3595 lnsidiaeque,
610 3509 662 3574 dei
677 3509 849 3588 comitatus,
864 3522 1013 3596 aguntur:

251 3610 339 3674 Talis
355 3633 452 3696 equos
467 3611 574 3676 alacer
588 3612 691 3676 media
706 3616 786 3676 inter
800 3611 912 3696 proelia
927 3611 1050 3676 Turnus

252 3714 419 3780 Fumantes
434 3714 547 3780 sudore
562 3717 669 3800 quatit,
685 3713 862 3780 miserabile
877 3714 966 3780 casis

252 3817 408 3880 Hostibus
423 3816 593 3898 insultans;
615 3819 734 3903 spargit
749 3815 861 3901 rapida
877 3816 989 3902 ungula
1004 3837 1092 3881 rores

252 3921 453 4005 Sanguineos,
468 3919 625 4005 mixtaque
639 3943 732 3985 cruor
746 3918 886 3986 calcatur
901 3919 1008 3984 arena.
1223 3913 1283 3975 340

251 4022 385 4108 Jamque
401 4026 471 4089 neci
487 4023 728 4110 Sthenelumque
744 4021 839 4103 dedit,
854 4021 1115 4109 Thamyrimque,
1131 4017 1270 4086 Pholum

296 4147 377 4209 ‘luet

169 4225 171 4230 ’
255 4229 351 4294 Hunc
366 4251 549 4314 congressus
558 4241 594 4294 et
610 4227 702 4311 hunc,
717 4231 802 4296 illum
819 4231 946 4313 eminus,
961 4235 1080 4296 eminus
1095 4229 1190 4296 ambe-
