2956 5132
667 512 782 576 LIBER
803 515 850 574 tv.

265 665 351 736 Trita
365 667 571 755 melisphylla,
588 681 621 734 et
636 670 776 734 cerinthos
794 669 925 752 ignobile
941 687 1065 753 gramen
1079 691 1090 732 s

265 776 466 862 Tinnitusque
483 777 544 854 cie,
561 789 593 838 et
609 773 717 841 Matris
732 789 823 860 quote
839 775 980 860 cymbala
995 773 1124 840 circitm.

267 884 343 969 lpsae
358 885 518 948 consident
534 883 696 948 medicatis
711 883 858 963 sedibus3
881 885 952 966 ipsae
1256 877 1298 942 65

269 989 374 1054 lutirnu
389 1011 475 1054 more
492 1009 549 1052 suo
566 1009 635 1052 sese
652 989 681 1052 iu
697 989 848 1053 cunabula
864 990 1008 1052 condent.

313 1094 366 1159 Sin
381 1110 485 1159 autent
501 1096 539 1160 ad
557 1114 691 1179 pugnam
706 1096 836 1160 exierint
850 1091 935 1179 (nem
952 1093 1032 1180 sepe
1049 1091 1168 1159 duobus

269 1199 409 1284 Regibus
424 1201 546 1264 incessit
561 1220 673 1283 magno
689 1189 841 1264 discordia
857 1197 968 1286 motu),

269 1303 486 1392 Continuique
503 1308 617 1371 unimus
632 1305 714 1389 vulgi
730 1320 761 1370 ct
776 1306 956 1391 trepidantis
972 1305 1052 1370 bello

267 1409 375 1476 Corde
391 1412 463 1476 licet
477 1411 567 1496 longe
584 1413 778 1497 praesciscere
792 1435 802 1492 3
824 1431 957 1496 nemque
972 1424 1125 1478 morantes
1193 1409 1197 1418 ’
1257 1413 1300 1473 70

268 1515 397 1582 Martius
413 1517 462 1581 ille
478 1519 546 1582 eris
560 1495 646 1582 iauci
662 1537 756 1580 cenot·
768 1518 915 1602 increpat,
931 1529 963 1582 et
977 1537 1056 1580 vox·

269 1623 401 1687 Auditur
416 1621 526 1688 fractos
541 1623 658 1686 sonitus
674 1622 789 1686 imitate
803 1621 955 1686 tubarum.

269 1723 357 1790 Turn
372 1728 493 1811 trepide
509 1730 587 1793 inter
603 1748 638 1792 se
654 1729 778 1802 coeunt,
793 1727 960 1812 pennisque
976 1737 1138 1792 coruscant
1146 1748 1158 1807 3

271 1829 459 1916 Spiculaque
474 1845 629 1897 exacuunt
645 1831 759 1910 rostris,
777 1845 938 1916 optantque
955 1831 1111 1909 lacertos3

270 1934 317 2000 Et
332 1938 413 2002 circa
429 1957 531 2023 regent
547 1953 640 2022 atque
656 1938 722 2020 ipsa
737 1937 778 2001 ed
793 1939 931 2022 pretoria
946 1937 1048 2000 densre
1257 1938 1298 1998 75

268 2046 451 2124 Miscentur,
467 2048 645 2132 magnisque
662 2059 772 2110 vocant
786 2045 970 2110 clamoribus
985 2047 1117 2109 hostem.

270 2151 368 2238 Ergo,
385 2153 437 2216 ubi
453 2171 508 2214 rer
523 2167 615 2216 necte
632 2152 742 2218 sudum
758 2171 946 2235 campusque
962 2165 1111 2236 petentes,

271 2257 446 2344 Erumpunt
460 2258 574 2343 portis;
595 2259 808 2337 concurritur3
831 2257 943 2320 ethere
958 2256 988 2318 in
1005 2254 1066 2320 ulto

272 2361 325 2428 Fit
340 2364 453 2428 sonitus
466 2386 476 2441 ς
499 2383 643 2446 inagnum
658 2362 760 2426 mixte
777 2361 984 2446 glomerentur
999 2361 1030 2424 in
1044 2360 1162 2442 orbem,

269 2469 510 2556 Precipitesque
526 2471 661 2536 cadunt:
682 2493 742 2534 non
759 2472 881 2536 densior
897 2471 969 2534 ee're
984 2469 1112 2554 grando,

271 2577 344 2643 Nec
360 2578 401 2641 de
414 2577 566 2644 concussi
582 2592 697 2643 tantum
713 2578 789 2663 pluit
803 2579 872 2642 ilice
888 2579 1016 2662 glandis.

271 2681 335 2768 lpsi
350 2705 405 2768 per
420 2685 538 2748 medies
554 2684 649 2760 ecies,
664 2683 829 2767 insignibus
845 2683 910 2761 slis,

274 2785 417 2873 Ingentes
432 2790 550 2854 animos
567 2803 694 2873 augusto
710 2791 740 2853 in
756 2803 882 2875 pectore
898 2805 1042 2875 versent5
1111 2823 1117 2836 ·

273 2890 382 2980 Usque
398 2894 477 2960 oded
493 2895 597 2960 obnixi
613 2916 673 2958 non
689 2896 815 2972 cedere,
832 2897 905 2961 dum
921 2898 1030 2980 gravis,
1047 2908 1099 2962 aut
1112 2897 1179 2978 bus,

273 3001 339 3066 Aut
355 3001 421 3079 hos,
437 3021 524 3066 versa
541 2999 615 3084 lugd
630 3001 726 3066 victor
742 3003 817 3066 dere
833 3016 919 3086 terga
931 3003 1059 3086 subegit.

275 3101 319 3168 Hi
335 3121 434 3170 motus
450 3107 618 3170 animorum
635 3119 727 3192 atque
743 3107 809 3171 bec
824 3109 992 3171 certamina
1007 3119 1089 3172 tanta

275 3207 417 3275 Pulveris
432 3212 534 3295 exigui
546 3212 633 3297 jectu
646 3231 823 3296 compressa
839 3209 1007 3295 quiescent.

317 3312 437 3378 Verum
453 3317 503 3380 ubi
520 3317 746 3380 ductoresucie
764 3318 955 3380 revocaveris
970 3315 1071 3394 ambo,

273 3419 422 3486 Deterior
436 3423 487 3506 qui
503 3424 596 3498 visus,
612 3443 694 3499 eum,
707 3444 746 3486 ue
763 3423 906 3507 prodigus
921 3423 1009 3498 obsit,

272 3525 368 3592 Dede
384 3529 474 3608 ueei3
496 3527 604 3592 melior
620 3527 718 3592 vacui
733 3530 797 3592 siue
814 3545 920 3613 regnet
935 3530 966 3592 in
983 3525 1063 3590 suli.

277 3631 365 3696 Alter
380 3635 438 3698 erit
452 3634 580 3698 maculis
596 3653 670 3698 euro
682 3635 889 3718 squalentibus
905 3636 1039 3712 erdeos3

278 3736 361 3804 Nam
376 3740 438 3805 duo
454 3753 522 3804 sunt
537 3761 650 3824 genera
665 3762 673 3802 t
696 3739 746 3804 hic
762 3741 879 3818 melior,
895 3739 1019 3825 insignis
1034 3753 1066 3804 et
1081 3759 1145 3816 ore,

278 3847 322 3914 Et
337 3851 431 3916 rutilis
445 3853 547 3918 clerus
561 3853 716 3937 squamis:
737 3853 789 3916 ille
805 3851 945 3916 horridus
960 3853 1035 3916 alter

276 3953 417 4030 Deddii,
433 3959 587 4041 latamque
602 3943 724 4022 trahens
739 3956 883 4042 inglorius
898 3958 1010 4019 alvum.

320 4058 365 4124 Ut
378 4061 455 4126 bine
472 4083 577 4146 regum
594 4061 699 4139 iacies,
715 4062 756 4125 ita
771 4081 900 4144 corpora
916 4060 1032 4144 plebis:

274 4166 422 4252 Namque
438 4169 504 4232 alie
518 4183 623 4254 turpes
637 4169 771 4245 horrent,
787 4187 844 4233 ceu
862 4166 987 4251 pulvere
1003 4168 1040 4232 sb
1057 4169 1116 4236 alto

148 4345 155 4354 ,
273 4271 384 4350 Quum
395 4275 492 4354 venit,
508 4287 540 4340 et
552 4275 634 4342 sicco
649 4287 763 4342 terrem
778 4272 858 4358 spuit
872 4293 926 4340 ora
942 4274 1037 4340 vietor
