2956 5132
194 521 250 578 111
600 593 603 600 ⁴
637 513 825 578 1111111111

238 677 397 764 Iasiusque
414 691 514 766 pater,
528 697 625 764 genus
639 699 660 742 a
674 699 736 764 quo
750 679 893 765 principe
907 689 1058 746 nostrum.

238 781 337 870 Surge
352 803 421 869 age,
435 795 468 848 et
481 782 550 847 haec
566 781 654 846 latus
668 781 809 869 longoevo
823 781 909 847 dicta
920 788 1047 869 parenti

237 883 336 948 Haud
350 883 525 950 dubitanda
539 883 640 948 reier:
664 883 818 970 Corytnm
832 897 996 971 terrasque
1010 890 1152 973 requirat
1210 891 1271 954 1711

238 987 404 1054 Ausonias.
448 987 573 1053 Dictaea
587 1001 681 1076 negat
695 989 754 1052 tibi
767 989 892 1075 Jupiter
906 1011 994 1055 arva.
1222 981 1225 990 ⁴

282 1090 414 1156 Talibus
428 1095 576 1156 attonitus
590 1094 666 1156 visis
680 1113 718 1156 ao
732 1113 812 1156 voce
827 1090 957 1158 deorum

234 1191 321 1273 (Nec
337 1215 430 1279 sopor
445 1192 523 1258 illud
537 1204 622 1271 erat3
645 1191 700 1257 sed
715 1193 822 1257 coram
837 1213 1009 1280 agnoscere
1023 1195 1134 1276 vultus,

238 1295 433 1383 Velatasque
448 1319 563 1378 comas,
578 1300 807 1384 presentiaque
828 1319 886 1362 ora
899 1297 1052 1365 videbar:

238 1397 319 1464 Tum
333 1397 455 1486 gelidus
469 1412 533 1464 toto
547 1399 695 1464 manabat
709 1419 842 1484 corpore
856 1397 974 1483 sudor),
1212 1403 1270 1466 175

238 1501 387 1590 Corripio
402 1525 420 1568 e
435 1507 539 1568 atratis
553 1525 677 1589 corpus,
692 1501 848 1588 tendoque
864 1507 990 1589 supinas

236 1605 288 1672 Ad
303 1607 416 1672 coelum
430 1629 501 1672 cum
515 1629 595 1672 voce
609 1627 728 1686 manus,
743 1619 774 1670 et
788 1627 917 1671 munera
932 1604 997 1671 libo

237 1707 424 1774 intemerata
437 1711 528 1776 locis.
572 1709 715 1774 Perfecto
730 1708 818 1774 tatus
832 1709 961 1790 honore,

236 1811 396 1880 Anchisen
411 1814 493 1878 facio
507 1827 637 1893 cenum,
652 1835 781 1899 remque
796 1813 907 1877 ordine
921 1811 1038 1900 pando.
1079 1812 1081 1821 ’

234 1917 372 2002 Agnovit
384 1915 505 2003 prolem
521 1918 699 2001 ambiguam
715 1919 917 2001 geminosque
932 1928 1088 2000 parentes,
1211 1917 1272 1979 180

237 2018 340 2103 Seque
354 2039 436 2084 novo
450 2028 591 2082 veterum
605 2015 773 2101 deceptum
787 2037 896 2081 errore
910 2017 1061 2082 locorum.

234 2121 318 2185 'lirm
331 2133 500 2188 memorat:
524 2119 615 2199 Nate,
630 2118 736 2184 Iliacis
752 2122 893 2184 exercite
908 2119 991 2200 fatis,

236 2222 312 2288 Sola
326 2223 403 2290 mihi
418 2223 497 2290 tales
511 2243 602 2288 casus
617 2221 800 2288 Cassandra
814 2223 960 2288 canebat.

237 2325 329 2392 Nune
343 2339 453 2413 repeto
467 2325 537 2392 beo
551 2328 660 2413 generi
674 2325 864 2413 portendere
878 2325 987 2392 debita
1001 2339 1116 2408 nostro,

236 2427 278 2494 Et
292 2428 376 2514 sapa
392 2428 592 2514 Hesperiam,
606 2427 691 2513 saepi
706 2427 785 2494 ltale
799 2449 906 2516 regna,
921 2449 1049 2494 vocare.
1210 2433 1271 2493 tus

239 2527 302 2594 Sed
317 2533 386 2616 quis
402 2529 443 2594 ad
458 2531 626 2615 Hesperiae
641 2543 788 2596 venturos
803 2531 908 2597 littora
921 2532 1063 2598 Teucros

239 2629 417 2696 Crederet!
438 2643 492 2697 aut
505 2653 598 2716 quem
613 2645 676 2697 tum
691 2645 779 2699 vates
793 2633 974 2699 Cassandra
987 2637 1147 2698 moveret!

239 2729 398 2798 Cedamus
413 2729 545 2813 Phoebo,
559 2745 591 2800 et
604 2735 712 2800 moniti
727 2735 859 2801 meliora
872 2755 1049 2822 sequamur.

240 2835 293 2902 Sic
308 2837 369 2900 ait:
392 2848 424 2901 et
437 2839 541 2902 cuncti
555 2835 641 2902 dicto
655 2859 802 2923 paremus
816 2853 955 2906 ovantes.

240 2937 336 3004 Hanc
351 2959 475 3025 quoque
489 2938 664 3006 deserimus
678 2941 797 3022 sedem,
810 2947 982 3029 paucisque
996 2941 1116 3008 relictis
1211 2947 1272 3008 190

241 3039 326 3107 Vela
338 3040 457 3124 damus,
472 3057 655 3130 vasmmque
669 3044 750 3110 aava
764 3046 855 3110 trabe
869 3049 1023 3110 currimus
1037 3067 1156 3132 aequor.

283 3145 451 3232 Postquam
465 3145 561 3210 altum
575 3147 704 3212 tenuire
717 3159 812 3230 rates,
825 3169 884 3214 nec
895 3150 961 3236 jam
977 3145 1110 3236 amplius
1123 3147 1193 3213 ulle

239 3251 404 3336 Apparent
417 3261 519 3330 terrae,
533 3247 647 3314 ooelum
660 3249 809 3335 undique,
824 3262 855 3314 et
868 3249 1007 3337 undique
1020 3263 1152 3336 penttm3

242 3351 325 3418 'iiim
338 3351 416 3418 mihi
430 3349 582 3418 ceruleus
596 3373 692 3439 supra
706 3367 800 3439 caput
814 3351 934 3418 adstitit
946 3353 1060 3435 imber,

238 3451 374 3520 Noctem
384 3454 581 3540 hiememque
591 3454 713 3535 ferens3
734 3469 766 3520 et
776 3453 930 3520 inhorruit
939 3452 1025 3520 unda
1035 3455 1186 3522 tenebris.
1210 3459 1272 3520 195

243 3556 400 3624 Continui>
413 3561 498 3622 venti
512 3557 640 3624 volvunt
653 3579 750 3639 mare,
764 3579 940 3647 magnaque
954 3573 1082 3648 surgunt

242 3659 400 3748 AEquora:
422 3659 556 3746 dispersi
567 3663 724 3749 jactamur
737 3667 859 3750 gurgite
873 3676 973 3729 vasto.

242 3763 406 3830 Involvdre
420 3763 504 3830 1111111
518 3765 625 3846 nimbi,
640 3777 671 3831 et
685 3787 747 3831 nox
762 3763 890 3831 humida
904 3765 1017 3832 coelum

243 3865 396 3934 Abstulit:
411 3873 602 3955 ingeminant
614 3870 755 3956 abruptis
769 3867 904 3933 nubibus
917 3871 1016 3955 ignes.

235 3963 1017 4054 Excutimurcursnetcactserramusinondis.
1211 3976 1275 4037 wo

245 4073 316 4159 lpse
330 4071 414 4138 diem
427 4087 612 4162 noctemque
626 4087 720 4164 negat
732 4073 913 4140 discernere
928 4071 1019 4154 coelo,

246 4175 314 4242 Nec
328 4177 505 4246 meminisse
519 4181 579 4244 riae
593 4178 699 4246 menta
713 4177 876 4248 Palinurus
891 4181 925 4244 iu
938 4175 1032 4246 undi.
