2956 5132
653 544 768 608 LIBER
787 547 823 608 11.
1223 550 1275 608 131

236 707 322 775 Ecce
337 713 442 770 autem
455 699 601 788 geminis
615 695 745 762 Tenedo
759 691 925 781 tranquilla
940 715 998 780 per
1012 689 1075 762 alta

235 813 416 896 (Horresco
430 805 583 888 referens)
598 803 754 866 immensis
768 800 898 864 orbibus
913 821 1029 886 angues

236 913 421 982 incumbunt
436 907 558 996 pelago,
573 890 806 992 pariterqussad
821 904 925 969 littora
941 903 1090 984 tenduut;
1215 909 1274 969 105

239 1019 371 1084 Pectora
386 1035 517 1100 quorum
532 1014 613 1074 inter
628 1010 737 1073 fluctus
752 1022 874 1072 arrecta
883 1008 1032 1096 jubasque

239 1123 424 1208 Sanguineas
439 1125 628 1199 exsuperant
642 1110 741 1176 undas
753 1136 762 1192 ;
783 1132 856 1197 pars
869 1125 984 1176 caetera
1000 1123 1128 1198 pontum

240 1223 324 1288 Puni
335 1219 422 1307 legit,
437 1220 620 1300 sinuautque
635 1217 785 1278 immensa
800 1211 953 1278 volumine
968 1226 1065 1302 terga.

240 1325 289 1390 Fit
303 1326 433 1399 sonitus,
449 1330 608 1405 spumante
624 1315 710 1396 salo;
726 1316 855 1404 jamque
871 1317 1129 1396 arvatenebant3

241 1425 459 1508 Ardentesque
473 1419 580 1484 oculos
595 1415 714 1482 suffecti
728 1420 878 1504 sanguine
894 1433 924 1482 et
939 1419 1012 1504 igni,
1039 1413 1042 1420 ’

243 1527 341 1593 Sibila
355 1523 538 1590 lambebant
552 1520 663 1606 linguis
678 1519 873 1584 vibrantibus
889 1540 956 1584 ora.

239 1631 426 1717 Dillirgimus
441 1632 510 1692 visu
524 1647 709 1712 exsangues.
733 1625 780 1688 llli
794 1630 916 1712 agmine
930 1639 1017 1690 certo

241 1733 422 1797 Laocoonta
435 1742 565 1816 petunt,
588 1739 618 1791 et
633 1723 766 1814 primirrn
781 1749 878 1812 parva
893 1727 1024 1792 duorum
1114 1765 1137 1816 ᾗ

239 1835 386 1920 Corpora
399 1849 539 1898 natonrm
554 1852 683 1916 serpens
699 1827 859 1915 amplexus
874 1845 1004 1918 uterque

239 1937 394 2024 implicat,
409 1949 438 2001 et
453 1937 582 2000 miseros
597 1955 701 1998 morsu
715 1933 892 2020 depascitur
906 1949 1003 2002 artus.

243 2040 326 2118 Pdst,
340 2044 449 2126 ipsum,
463 2037 580 2104 auxilio
595 2037 777 2101 subeuntem
793 2059 830 2101 ac
844 2037 907 2102 tela
922 2039 1081 2120 ferentem,

240 2143 431 2229 Corripiunt,
446 2143 599 2228 spirisque
615 2140 710 2226 ligant
724 2142 919 2228 ingentibus;
940 2143 1047 2229 etjam

241 2247 297 2312 Bis
312 2245 446 2310 medium
461 2245 612 2330 amplexi,
618 2243 666 2306 bis
680 2241 762 2307 collo
778 2264 925 2328 squamea
940 2244 1058 2312 circium

235 2351 348 2436 'Perga
363 2349 439 2426 dati,
453 2361 597 2432 superant
610 2349 714 2432 capite
729 2361 760 2410 et
774 2348 950 2412 cervicibus
965 2348 1045 2414 altis.

234 2455 297 2520 ille
314 2451 408 2516 simul
417 2451 560 2516 manibus
573 2449 671 2514 tendit
685 2449 835 2515 divellere
850 2449 958 2534 nodoS,

240 2557 392 2622 Perfusus
407 2558 492 2619 sanie
506 2557 596 2619 vittas
611 2567 741 2640 atroque
757 2577 897 2637 veneno;

239 2661 405 2726 Clamores
420 2659 509 2723 simul
524 2657 697 2723 horrendos
712 2657 753 2722 ad
769 2658 873 2724 sidera
888 2659 986 2725 tollit:
1085 2643 1096 2672 ⁸
1111 2693 1119 2708 ·

238 2763 359 2846 Quales
374 2761 512 2848 mugitus,
527 2761 603 2847 sugit
618 2781 713 2844 quum
727 2762 848 2826 saucius
863 2783 950 2826 aram

239 2865 374 2945 Taurus,
389 2879 420 2929 et
434 2865 584 2928 incertam
598 2865 735 2930 excussit
749 2867 873 2930 cervice
889 2869 1033 2932 securim.

238 2973 281 3035 At
296 2971 412 3055 gemini
428 2967 516 3054 lapsu
530 2966 664 3032 delubra
678 2967 719 3032 ad
735 2991 852 3033 summa
866 2967 1018 3034 dracones

239 3071 408 3159 Effugiunt,
423 3092 577 3156 wvaeque
591 3083 699 3156 petunt
713 3071 883 3138 Tritonidis
897 3094 1021 3152 arcem,

189 3225 193 3232 .
239 3177 309 3239 Sub
322 3174 516 3260 pedibusque
531 3173 599 3238 deae
615 3175 783 3262 clypeique
798 3177 857 3240 sub
870 3177 946 3240 orbe
961 3189 1114 3264 tegtmtur.

283 3277 365 3341 Tum
379 3275 456 3340 verb
470 3276 652 3340 tremefacta
666 3299 763 3342 novus
778 3300 835 3364 per
848 3290 976 3364 pectora
989 3281 1113 3346 cunctis

240 3379 378 3445 insinuat
392 3401 509 3466 pav0r3
531 3393 561 3444 et
575 3379 676 3444 scelus
692 3380 875 3466 expendisse
886 3390 1056 3445 merentem

237 3483 421 3548 Laocoonta
437 3483 547 3562 lerunt,
562 3503 686 3546 sacrum
701 3484 754 3568 qui
768 3482 896 3570 cuspide
910 3481 1008 3548 robur

239 3584 383 3663 Laeserit,
398 3599 429 3648 et
443 3599 530 3671 tergo
544 3585 729 3650 sceleratam
743 3587 899 3652 intorserit
914 3585 1047 3650 hastam·

238 3685 429 3752 Ducendum
444 3683 485 3750 ad
500 3685 590 3752 sedes
604 3687 811 3770 simulacrum,
824 3669 1006 3774 orandaque
1021 3685 1102 3751 diva

237 3789 387 3870 Numina,
400 3789 606 3856 conclamant.

234 3890 418 3958 Dividimus
433 3915 547 3974 muros,
561 3905 592 3958 et
606 3896 720 3960 moenia
733 3895 896 3981 pandimus
911 3895 1008 3959 urbis.

232 3997 415 4082 Accingunt
429 4019 536 4064 omnes
550 4001 646 4084 operi,
660 3998 855 4086 pedibusque
869 4013 1006 4064 rotarum

233 4100 413 4186 Subjiciunt
428 4099 542 4186 lapsus,
556 4116 587 4168 et
601 4117 731 4190 stuppea
745 4101 868 4168 vincula
882 4101 964 4168 collo

231 4198 417 4266 intendunt.
440 4201 569 4270 Scandit
582 4203 682 4272 latalis
696 4203 843 4272 machina
856 4227 969 4286 muros,
1037 4209 1040 4216 '
