2914 5130
205 473 266 532 m
558 463 747 530 minos
768 464 884 532 UBER
903 471 952 532 vl.
1056 511 1059 520 ,

250 621 378 700 Gnate,
392 623 548 708 ingentem
563 619 679 686 luctum
694 644 734 686 ne
749 643 855 706 quere
871 635 1011 704 tuorum3

251 723 425 790 Ostendent
440 728 532 790 terris
547 723 629 790 hunc
645 721 762 790 tantdm
777 727 852 806 fata,
867 749 967 812 neque
983 726 1065 794 ultrd

252 828 332 896 Esse
347 831 457 893 sinent.
502 826 640 893 Nimidm
655 829 746 896 vobis
762 828 906 896 Romana
920 851 1059 917 propago

254 931 336 998 Visa
351 945 470 1017 potens,
486 932 608 1016 Superi,
624 935 751 1018 propria
768 933 837 998 baec
852 931 975 1000 sidona
990 935 1128 1003 subsenb

254 1033 394 1116 Quantos
409 1033 463 1097 ille
478 1034 579 1100 virum
593 1055 737 1120 maguam
753 1035 904 1100 Mavortis
920 1035 960 1100 ad
976 1035 1086 1102 urbem

255 1137 395 1224 Campus
409 1152 479 1226 aget
493 1139 641 1225 gemitus!
664 1138 715 1202 vel
731 1161 811 1224 quta,
825 1139 986 1221 Tiberine,
1000 1140 1123 1206 videbis

256 1239 391 1321 Funera,
406 1263 500 1330 quum
515 1241 663 1306 tumulum
677 1241 904 1327 praeterlabere
918 1245 1092 1310 recentem!

256 1341 324 1408 Nec
339 1365 419 1430 puer
434 1342 530 1408 Iliaci
546 1347 709 1429 quisquam
724 1342 764 1409 de
778 1359 871 1430 gente
886 1346 1017 1410 Latinos

256 1444 423 1510 intantum
439 1468 494 1532 spe
509 1445 596 1510 tollet
611 1467 706 1525 avos3
727 1467 786 1510 nec
803 1445 937 1513 Romula
953 1447 1110 1532 quondam

258 1545 333 1611 Ullo
347 1569 381 1612 se
396 1546 513 1614 tantdm
528 1546 618 1612 tellus
627 1547 763 1633 jactabit
778 1546 913 1614 alumno.
1118 1625 1127 1638 ⁸

256 1651 334 1714 Heu
348 1651 467 1735 pietas!
490 1648 551 1714 heu
566 1653 671 1734 prisca
686 1649 779 1716 fides!
803 1653 982 1737 invictaque
996 1649 1082 1718 bello

258 1751 421 1818 Dextera!
444 1773 504 1816 non
520 1751 565 1816 illi
579 1775 613 1816 se
628 1756 793 1838 quisquam
808 1755 935 1840 impune
950 1754 1069 1820 tulisset

259 1855 380 1922 Obvius
396 1867 525 1934 armato,
540 1875 596 1918 seu
610 1877 705 1939 quum
719 1855 818 1940 pedes
833 1856 890 1920 iret
905 1859 937 1922 in
953 1857 1083 1938 bostem,

260 1958 322 2021 Seu
337 1959 506 2042 spumantis
522 1955 594 2040 equi
609 1955 731 2020 foderet
745 1955 1053 2022 calcaribusarmos.

260 2063 354 2128 Heu!
377 2061 555 2126 miserande
569 2083 658 2146 puer,
673 2064 699 2124 si
715 2061 777 2146 quei
791 2063 856 2126 lata
871 2083 983 2148 aspera
997 2082 1134 2148 rumpas,

251 2165 290 2256 ,Τ
290 2188 310 2228 u
326 2163 495 2229 Marcellus
508 2167 584 2229 eris.
630 2163 778 2228 Manibus
793 2163 866 2228 date
881 2163 948 2229 lilia
962 2165 1079 2252 plenis:

261 2269 437 2354 Purpureos
452 2290 597 2356 spargam
612 2268 714 2347 flores,
730 2271 926 2353 animamque
941 2271 1064 2355 nepotis

261 2373 324 2440 His
338 2371 448 2436 saltem
463 2371 656 2438 accumulem
671 2372 769 2452 donis,
784 2386 815 2436 et
829 2373 940 2459 fungar
958 2373 1044 2438 inani

262 2473 405 2538 Munere.
450 2474 501 2538 Sic
517 2472 580 2536 totis
596 2473 709 2558 passim
725 2477 852 2558 regione
867 2489 1019 2560 vagantur

262 2577 354 2640 Acris
369 2580 400 2640 in
415 2576 534 2660 campis
550 2574 629 2653 latis,
644 2587 738 2659 atque
753 2577 856 2640 omnia
872 2575 1012 2640 lustrant.
1121 2595 1124 2599 ’

262 2680 341 2762 Quas
355 2691 518 2764 postquam
533 2677 688 2742 Anchises
702 2691 807 2742 natum
823 2699 880 2762 per
896 2679 1016 2766 singula
1031 2677 1129 2760 duxit,

263 2781 467 2866 incenditque
482 2783 615 2844 animum
631 2780 722 2844 famae
737 2783 890 2844 venientis
906 2803 1030 2862 amore3

265 2887 348 2954 Exin
364 2885 447 2950 bella
462 2889 531 2950 viro
546 2899 695 2950 memorat
711 2906 777 2969 quae
793 2886 906 2951 deinde
921 2887 1069 2974 gerenda,

265 2991 501 3076 Laurentesque
515 2989 608 3054 docet
622 2987 763 3075 populos,
777 2989 948 3076 urbemque
963 2992 1078 3073 Latini,

266 3093 307 3161 Et
322 3117 383 3178 quo
399 3115 552 3179 quemque
568 3092 660 3158 modo
676 3093 833 3179 fugiatque
849 3095 990 3181 seratque
1007 3096 1158 3166 laborem.

311 3199 386 3261 Sunt
400 3197 529 3282 geminae
545 3195 650 3258 Somni
665 3209 783 3279 portae3
805 3217 935 3281 quarum
950 3195 1048 3262 altera
1061 3201 1161 3286 fertur

267 3300 401 3380 cornea,
417 3300 477 3384 qui
493 3301 575 3362 veris
591 3296 692 3362 lacilis
707 3297 800 3362 datur
815 3291 916 3364 exitus
932 3303 1070 3366 umbris:

267 3403 387 3482 Altera,
401 3402 547 3466 candenti
562 3401 701 3486 perlecta
716 3403 816 3468 nitens
831 3402 1015 3488 elephanto3

269 3505 332 3571 Sed
348 3505 426 3569 salsa
442 3503 482 3568 ad
497 3503 609 3567 coelum
626 3489 745 3568 mittunt
760 3508 910 3572 insomnia
926 3509 1047 3574 Manes.

269 3611 333 3675 His
348 3609 402 3674 ubi
419 3623 481 3671 tum
497 3621 601 3670 natum
617 3606 768 3670 Anchises
785 3607 905 3693 unique
922 3611 1077 3696 Sibyllam

271 3711 472 3797 Prosequitur
486 3711 600 3790 dictis3
622 3710 772 3796 portdque
788 3712 898 3776 emittit
914 3715 1044 3782 eburna.

270 3813 327 3879 Ille
342 3815 424 3878 viam
441 3827 527 3878 secat
542 3814 582 3880 ad
598 3835 703 3893 naves,
717 3817 880 3899 sociosque
895 3820 1012 3882 revisit.

272 3915 354 3980 Tum
369 3938 402 3980 se
418 3915 458 3980 ad
476 3916 595 3980 Caietae
611 3930 696 3980 recto
711 3915 770 3980 lert
786 3917 886 3982 littore
901 3934 1043 4003 portum:

275 4015 425 4084 Anchora
439 4017 480 4084 de
490 4017 589 4106 pror!
598 4020 732 4108 jacitur3
753 4032 834 4088 stant
847 4020 949 4091 littore
963 4045 1095 4112 puppes.
