2992 5102
684 527 799 588 LlBllR
819 526 841 584 l.
1263 530 1301 586 45

201 749 205 760 ,
252 683 352 750 Tunc
369 682 468 748 somni
482 679 602 756 dulces,
618 677 784 762 densaeque
799 678 828 740 in
844 674 997 760 montibus
1011 674 1137 740 umbre.

259 791 384 856 Cuncta
399 789 452 852 tibi
468 783 622 850 Cererem
638 785 737 870 pubes
752 783 880 868 agrestis
896 782 1025 862 adoret3

260 895 323 961 Cui
338 910 370 959 tu
385 895 466 960 lacte
484 892 571 958 savos
586 903 618 956 et
632 891 697 954 miti
713 890 795 955 dilue
810 887 964 967 Bacch03

263 1000 389 1086 Terque
405 1021 502 1064 novas
516 999 634 1062 circum
650 996 724 1060 felix
741 1010 792 1062 eat
806 995 905 1087 hostia
919 993 1034 1079 fruges,
1235 998 1299 1060 345

194 1104 199 1113 ’
265 1110 373 1174 Omnis
387 1127 481 1192 quam
497 1105 610 1170 chorus
625 1118 656 1167 et
671 1103 746 1166 socii
762 1103 944 1195 comitentur
958 1116 1094 1182 ovantes,

265 1210 307 1275 Et
321 1210 476 1276 Cererem
492 1209 626 1275 clamore
640 1220 754 1272 vocent
768 1207 799 1270 in
815 1220 917 1270 tecta:
932 1229 1033 1292 neque
1050 1208 1121 1273 ante

266 1317 394 1383 Falcem
411 1317 537 1381 maturis
553 1315 713 1400 quisquam
729 1326 880 1397 supponat
895 1315 1002 1391 animis,

266 1421 370 1498 Quint
386 1421 508 1498 Cereri,
524 1418 606 1485 torui
620 1420 779 1483 redimitus
794 1431 932 1504 tempora
948 1439 1074 1504 quercu,

266 1527 330 1594 Det
345 1543 445 1592 motus
459 1527 690 1612 incompositos,
707 1541 738 1590 et
752 1527 888 1591 carmina
904 1527 997 1590 dicet.
1065 1548 1072 1559 ¹

312 1634 413 1718 Atque
424 1633 489 1698 haec
505 1646 538 1696 ut
553 1633 647 1697 certis
662 1632 813 1717 possimus
828 1632 948 1696 discere
964 1633 1066 1718 signis,

269 1739 436 1823 AEstusque
450 1728 679 1824 pluviasque'et
694 1752 818 1820 agentes
834 1735 946 1821 frigora
961 1754 1079 1817 ventos,

272 1845 344 1932 lpse
360 1844 453 1908 Peter
468 1846 567 1908 statuit
584 1843 658 1928 qnid
675 1855 831 1935 mgnstrua
845 1843 916 1908 luna
931 1859 1081 1934 moneret,

270 1949 346 2026 Quo
361 1951 446 2036 signo
460 1951 610 2014 cederent
625 1950 729 2025 austri,
746 1949 817 2032 quid
834 1948 915 2034 sepe
929 1950 1069 2014 videntes

267 2057 420 2144 Agriccle
436 2055 560 2143 propiirs
576 2054 702 2120 stabulis
718 2069 856 2120 armenta
870 2067 1021 2118 tenerent.

313 2159 481 2237 Continui),
496 2162 594 2224 ventis
608 2162 810 2246 surgentibus,
827 2175 880 2224 aut
893 2157 971 2225 freta
985 2163 1069 2245 ponti

269 2265 425 2353 Incipiunt
439 2265 552 2349 agitate
566 2279 748 2343 tumescere,
766 2281 797 2330 et
813 2266 916 2329 aridus
932 2264 999 2330 eltis

271 2371 434 2437 Montibus
449 2371 547 2434 audiri
563 2369 670 2456 fragor,
687 2386 739 2436 aut
753 2372 927 2435 resonantia
943 2369 1032 2456 longe

268 2477 392 2542 liuore
408 2475 539 2553 misceri,
555 2489 586 2540 et
600 2497 759 2540 nemorum
772 2477 1000 2540 increbrescere
1016 2497 1164 2541 murrum.
1209 2531 1214 2542 .

268 2581 340 2646 Jam
357 2582 413 2645 sibi
430 2594 494 2646 tum
510 2584 610 2646 curvis
625 2583 706 2646 malle
722 2595 873 2666 temperat
888 2582 971 2646 unda
986 2583 1107 2662 carinis,
1241 2585 1307 2648 360

269 2687 378 2763 Quum
393 2687 497 2751 medio
512 2689 632 2754 celeres
648 2688 785 2752 revolant
800 2709 840 2751 ex
857 2709 977 2772 aequore
993 2690 1100 2774 mergi,

271 2792 510 2880 Clamoremque
526 2793 628 2858 lerunt
643 2796 683 2860 ad
699 2795 821 2875 littora,
843 2816 998 2880 quumque
1014 2797 1135 2860 marine

271 2898 308 2963 ln
325 2901 408 2964 sicco
422 2899 531 2965 ludunt
545 2899 668 2982 luli0e3
690 2915 838 2986 notasque
854 2901 984 2987 paludes

268 3003 398 3071 Deserit
412 3021 502 3090 atque
519 3005 616 3070 altam'
627 3023 718 3091 supra
733 3007 815 3072 volat
830 3007 925 3072 ardea
939 3006 1063 3072 nubem.

272 3109 365 3197 Saepe
381 3111 471 3175 etiam
487 3112 601 3188 stellas
617 3125 708 3176 vento
723 3114 932 3199 impendente,
947 3112 1065 3177 videbis
1241 3112 1308 3177 365

272 3217 453 3302 Praecipites
468 3217 548 3282 coelo
563 3217 635 3293 labi,
649 3219 810 3302 noctisque
821 3239 877 3302 per
891 3218 1031 3282 umbram

274 3321 488 3386 Flammarum
503 3322 610 3406 longos
625 3345 644 3386 a
658 3337 745 3408 tergo
762 3325 919 3389 albescere
936 3337 1073 3406 tractus3

274 3425 368 3513 Saepi
383 3426 483 3494 levem
499 3427 620 3512 paleam
636 3443 668 3492 et
683 3427 808 3494 frondes
823 3430 947 3494 volitare
964 3429 1109 3506 caducas,

273 3537 339 3599 Aut
354 3531 475 3597 summis
489 3546 596 3598 nantes
611 3533 640 3596 in
658 3532 738 3619 aqui
748 3535 904 3599 colludere
922 3535 1052 3620 plumas.

272 3640 318 3703 At
332 3635 443 3700 Boree
460 3636 499 3700 de
514 3649 600 3722 parte
615 3638 709 3701 trucis
725 3660 818 3722 quum
834 3637 983 3717 fulminat,
1000 3653 1030 3702 et
1046 3659 1139 3722 quum
1245 3645 1310 3705 370

275 3743 415 3826 Eurique
431 3740 629 3827 Zephyrique
645 3756 729 3806 tonat
744 3745 873 3823 domua;
895 3747 997 3809 omnia
1012 3745 1111 3830 plenis

275 3847 364 3913 Rura
379 3859 483 3912 natam
498 3845 597 3926 fossis,
613 3863 704 3938 atque
720 3851 818 3913 omnis
833 3852 933 3914 navita
949 3865 1043 3934 ponto

274 3953 415 4019 Humida
431 3952 499 4016 vela
514 3953 599 4037 legit.
622 3951 787 4039 Nunquam
804 3955 1046 4038 imprudentibus
1060 3957 1158 4022 imber

271 4058 407 4125 Obicit:
431 4069 483 4122 aut
498 4057 584 4122 illum
599 4073 772 4142 surgentem
784 4058 913 4122 vallibus
928 4059 996 4123 imis

270 4165 378 4231 Adria
394 4159 501 4246 sugite
517 4183 609 4245 grues
622 4184 632 4240 3
654 4177 705 4226 aut
719 4163 842 4238 bucula,
858 4163 970 4226 coelum
1245 4173 1309 4233 375

270 4270 465 4354 suspiciens,
482 4267 594 4350 patulis
608 4270 737 4352 captavit
752 4269 873 4333 naribus
889 4291 1000 4351 auras3
