2992 5102
632 492 788 558 acmen
809 491 829 554 l.

642 680 832 730 ueniamus.

242 774 414 843 Fortunate
428 773 547 836 senex!
570 789 645 854 ergo
660 785 712 835 tua
726 791 798 835 rura
813 768 1001 837 manebant!

244 880 290 946 Et
304 881 357 943 tibi
374 899 484 964 magna
498 877 583 956 satis,
599 878 738 961 quamvis
753 876 830 960 lapis
844 878 947 944 omnia
962 878 1063 946 nudus

243 985 435 1069 Limosoqne
450 983 537 1068 palus
552 981 686 1047 obducat
700 1001 814 1067 pascua
825 982 944 1067 junco:

245 1089 321 1155 Non
335 1089 454 1152 insueta
468 1109 576 1172 graves
589 1087 747 1151 tentabunt
762 1085 874 1172 pabula
891 1086 978 1166 letas,

246 1191 319 1257 Nec
334 1193 414 1256 mala
429 1193 519 1256 vicini
535 1193 655 1278 pecoris
671 1193 812 1275 contagia
824 1191 944 1254 ledent.

248 1293 418 1360 Fornanate
434 1299 551 1360 senex!
574 1292 637 1372 hic,
654 1296 733 1357 inter
748 1295 875 1384 flumina*
887 1310 958 1360 nota

245 1395 290 1464 Et
306 1398 405 1464 sontes
419 1421 533 1479 sacros,
550 1399 643 1484 frigus
658 1401 794 1485 captabis
810 1421 952 1487 opacum.

247 1501 332 1570 llinc
347 1505 411 1582 tibi,
427 1525 493 1589 que
509 1525 631 1591 semper
645 1504 746 1567 vicino
761 1505 798 1567 ab
814 1502 908 1568 limite
924 1525 1013 1591 sepes

247 1607 386 1692 Hybleis
400 1609 507 1694 apibus
521 1609 629 1674 liorem
646 1608 771 1694 depasta
788 1609 895 1696 salicti,

246 1712 338 1798 sepe
354 1714 412 1778 levi
428 1735 568 1778 somnum
584 1713 726 1778 suadebit
740 1714 816 1777 inire
833 1734 975 1795 susurr03

245 1815 329 1882 lline
346 1820 405 1884 altri
420 1820 476 1884 sub
493 1841 567 1904 rupe
583 1834 674 1883 canet
689 1818 842 1883 frondator
857 1820 896 1883 ad
913 1843 1020 1886 auras:

244 1925 317 1991 Nec
333 1939 434 1990 tamen
450 1928 567 1990 interea
582 1947 693 2002 rauce,
709 1940 861 2003 macuta,
877 1926 1045 2009 palumbes,

242 2027 315 2095 Nec
331 2051 455 2115 gemere
472 2030 557 2094 ae'rib
570 2032 703 2096 cessabit
716 2044 813 2094 turtur
829 2032 867 2095 ab
884 2033 976 2096 ulmo.

656 2155 813 2197 nra-raus.

242 2239 328 2304 aare
342 2241 429 2304 leves
444 2261 518 2324 ergo
533 2255 692 2332 pascentur
707 2240 737 2303 in
755 2240 867 2302 aethere
883 2240 977 2316 cervi,

242 2343 288 2410 Et
305 2342 387 2408 l'reta
402 2344 565 2408 destituent
579 2345 674 2408 nudos
689 2345 719 2407 in
735 2345 834 2406 littore
849 2343 951 2428 pisces
964 2365 974 2422 ς

242 2451 341 2529 Anae,
356 2451 519 2536 pererratis
535 2450 690 2513 amborum
708 2447 829 2526 finibus,
847 2450 935 2512 exsul

243 2555 308 2620 Aut
317 2556 441 2620 Ararim
457 2555 589 2620 Parthus
603 2555 697 2632 bibet,
712 2567 766 2616 ¹aut
781 2553 948 2618 Germania
957 2553 1087 2642 Tigrim,

243 2659 346 2736 Quam
361 2677 466 2726 nostro
481 2661 559 2724 illius
574 2661 691 2726 labatur
706 2673 832 2745 pectore
848 2661 957 2724 vultus.

639 2783 827 2829 narramus.

244 2872 285 2936 At
298 2894 356 2936 nos
370 2873 442 2936 binc
458 2870 507 2934 alii
523 2870 658 2933 sitientes
673 2869 783 2934 ibimus
799 2867 913 2951 Alros3

245 2975 322 3041 Pars
339 2975 509 3059 scyllam,
526 2988 558 3036 et
571 2974 711 3058 rapidum
728 2972 828 3038 Creta
844 2976 1000 3040 veniemus
1017 2975 1150 3053 Oaxem,

244 3080 285 3146 Et
300 3081 421 3168 peritias
434 3097 498 3146 toto
514 3080 626 3144 divisos
640 3080 714 3144 orbe
729 3078 904 3146 Britannos.

243 3185 302 3266 En,
314 3209 449 3273 unquam
465 3187 578 3271 patrios
589 3186 679 3269 longo
694 3200 763 3270 post
778 3199 916 3270 tempore
931 3185 1019 3264 lines,

243 3291 394 3378 Pauperis
409 3307 441 3355 et
454 3291 554 3376 tuguri
568 3305 749 3374 congestum
764 3291 880 3377 cespite
896 3291 1030 3370 culmen,

242 3401 316 3467 Post
331 3403 457 3486 aliquot,
473 3422 543 3465 mea
557 3422 651 3486 regna
662 3403 779 3479 videns,
795 3401 926 3466 mirabor
942 3403 1072 3467 aristas?
1222 3411 1263 3470 70

241 3505 355 3593 lmpius
371 3507 437 3570 bec
452 3521 512 3571 tam
528 3508 610 3570 culta
625 3500 741 3570 novalia
756 3507 843 3570 miles
858 3507 1007 3571 habebit?
1386 3493 1391 3499 ¹

239 3610 396 3676 Barbarus
411 3611 465 3675 bas
480 3611 627 3695 segetes?
651 3609 712 3688 En,
729 3611 789 3696 qub
805 3613 957 3677 discordia
972 3613 1055 3676 cives

240 3711 393 3779 Perduxit
407 3717 554 3780 miseros!
578 3713 640 3793 En,
657 3717 743 3800 queis
758 3719 951 3782 consevimus
966 3723 1074 3801 agros!

241 3815 341 3884 lasere
357 3843 451 3898 nunc,
463 3819 621 3898 Meliboee,
636 3823 734 3907 piros!
747 3843 828 3906 pone
842 3824 949 3886 ordine
965 3824 1062 3888 vites!

282 3923 327 3986 lte
341 3945 431 4002 meae,
448 3923 522 3990 l'elix
538 3926 690 4009 quondam
706 3945 812 4010 pecus,
828 3928 881 4002 ite,
897 3927 1020 4011 capelle
1039 3951 1047 3991 ε
1159 3979 1163 3986 .
1218 3938 1259 3996 75

240 4023 310 4090 Non
326 4049 385 4114 ego
399 4050 455 4094 vos
470 4029 607 4115 posthac,
622 4031 709 4096 viridi
722 4033 875 4117 projectus
890 4031 919 4094 in
933 4047 1041 4111 antro,-

241 4129 380 4198 Dumosb
393 4136 531 4220 pendere
547 4136 651 4221 procul
664 4137 703 4200 de
719 4158 794 4221 rupe
806 4137 940 4201 videbo:

237 4234 382 4304 Carmina
396 4241 480 4304 nulla
494 4261 622 4305 canam:
643 4261 716 4316 nou,
731 4261 782 4303 me
796 4256 952 4326 pascente,
965 4245 1100 4329 capelle,

236 4337 409 4412 florentem
424 4347 557 4431 cytisum
573 4362 603 4411 et
617 4346 726 4412 salices
741 4349 872 4432 carpetis
888 4369 1016 4438 amureg.
