2978 5124
698 496 812 564 urm
831 479 881 561 xi.

286 655 328 718 Et
341 653 459 738 primus
473 653 613 739 sceptris,
628 651 710 718 houd
725 652 797 718 teu
809 655 918 734 fronte,
933 651 1072 722 Latinus.

285 759 389 842 Atque
405 755 458 820 hic
473 755 591 842 legatos
606 754 707 820 AEtota
721 778 761 820 ex
776 757 853 820 urbe
864 759 1009 822 remissos

284 857 361 940 Quae
374 857 513 922 reserant
526 857 585 922 fori
595 857 694 944 jubet,
709 871 741 921 et
753 879 900 942 responsa
915 862 1050 944 reposcit
1247 865 1308 926 240

284 959 403 1024 Ordine
418 973 530 1024 cuncta
544 981 610 1024 suo.
653 959 734 1026 Tum
748 959 831 1025 lacta
844 959 965 1027 silentia
980 961 1099 1046 linguis,
1168 971 1172 982 '

285 1061 326 1124 Et
342 1061 493 1142 Venulus,
506 1059 591 1126 dicto
605 1081 727 1146 parens,
742 1062 783 1126 ite
798 1062 895 1126 t'arier
908 1061 993 1132 infitz

285 1162 440 1242 Vidimus,
455 1185 474 1226 o
488 1163 583 1243 cives,
596 1161 751 1228 Diomede
766 1163 943 1248 Argivaque
957 1175 1078 1242 castra3
1148 1230 1151 1242 ,

284 1267 398 1350 Atque,
412 1266 470 1330 iter
484 1267 609 1346 emensi,
623 1286 713 1330 casus
727 1267 939 1350 superavimus
953 1285 1077 1346 omnesp

283 1367 536 1454 contigimusque
551 1391 673 1436 manum
689 1367 750 1453 qui
764 1369 899 1436 concidit
914 1367 968 1434 llia
984 1367 1083 1434 tellus.
1246 1373 1306 1436 eto

283 1469 339 1534 llle
353 1470 462 1534 urbem
477 1472 675 1556 Argyripam,
689 1473 795 1556 patrie
811 1474 990 1556 cognomine
1004 1471 1110 1556 gentis,

283 1572 396 1637 Victor
409 1572 547 1658 Gargeni
562 1571 716 1638 condebat
731 1573 857 1658 Iapygis
872 1573 965 1638 arvis.

284 1672 451 1758 Postquam
465 1676 654 1760 introgressi,
669 1687 699 1738 et
714 1671 819 1738 corhm
834 1673 908 1742 data
922 1677 1013 1759 copia
1027 1671 1124 1754 landl,

283 1775 414 1844 Munere
429 1775 631 1860 prefermus,
646 1797 757 1842 nomeu
772 1777 965 1862 patriamque
980 1776 1145 1857 docemus3

281 1873 342 1956 Qui
357 1875 472 1940 bellum
488 1875 654 1956 intulerint,
669 1897 737 1962 quae
752 1897 847 1944 cause
862 1877 1024 1944 attraxerit
1037 1879 1150 1963 Arpos
1244 1885 1306 1948 260

282 1977 404 2042 Auditis
419 1979 470 2043 ille
485 1979 553 2048 hec
568 1978 693 2066 placido
707 1983 752 2046 sic
767 1979 905 2047 reddidit
918 2001 989 2050 ore:

280 2081 311 2144 0
324 2082 484 2146 lortunetae
498 2095 615 2169 gentes,
630 2083 773 2152 Saturnio
787 2103 892 2168 regua,

259 2208 268 2221 ·
280 2185 409 2268 Antiqui
422 2186 559 2266 Ausonii,
574 2206 642 2270 quse
658 2207 713 2250 vos
728 2186 849 2250 fortuna
862 2186 983 2270 quietos

281 2283 441 2366 Sollicitat,
456 2286 625 2370 suadetque
640 2291 745 2374 ignota
760 2287 914 2352 lacessere
929 2286 1031 2354 bellat

277 2387 473 2474 Quicumque
487 2388 600 2454 Iliacos
613 2391 696 2456 serro
710 2388 891 2454 violavimus
907 2410 1006 2476 agros,
1240 2397 1302 2458 2⁵⁵

278 2489 389 2574 (Mitto
403 2513 441 2559 ea
456 2511 525 2576 quae
539 2493 634 2557 muris
647 2490 794 2556 bellando
808 2489 961 2558 exhausta
974 2492 1033 2558 sub
1048 2489 1128 2575 attis,

278 2591 364 2674 Quos
380 2595 489 2660 Simois
503 2607 623 2679 premat
637 2592 690 2660 ille
705 2595 815 2676 viros)
830 2593 955 2660 infanda
968 2615 1026 2682 per
1039 2595 1148 2662 orbem

278 2695 447 2782 Supplicia,
462 2707 493 2762 et
505 2695 657 2762 scelerum
671 2715 781 2782 poenas
794 2695 996 2782 expendimus
1009 2720 1125 2778 omnes,

278 2797 341 2863 Vel
356 2799 481 2864 Priamo
495 2797 671 2864 miserande
686 2819 804 2864 manus.
848 2799 911 2862 Scit
926 2801 1012 2866 triste
1031 2800 1180 2868 Minore

277 2898 380 2980 Sidus,
394 2912 425 2963 et
439 2899 588 2964 Euboicae
603 2913 719 2980 cautes,
733 2900 875 2986 ultorque
889 2901 1082 2987 Caphereus.
1239 2911 1300 2974 260

278 3001 390 3068 Mitius
404 3025 444 3067 ex
458 3001 512 3066 illi
527 3002 683 3068 diversum
698 3001 738 3067 sd
755 3003 838 3070 littus
856 3002 968 3084 adacti,

276 3104 400 3172 Atrides
416 3105 518 3170 Protei
533 3103 694 3170 Menelaiis
709 3103 848 3190 adusque
863 3103 1021 3170 columnas

274 3208 424 3288 Exsulat3
444 3206 574 3272 AEtneos
588 3206 666 3276 vidit
680 3206 840 3294 Cyclopas
856 3205 996 3294 Ulysses.

275 3308 384 3396 Regna
399 3308 594 3395 Neoptolemi
608 3309 752 3388 reseram,
765 3329 931 3394 versosque
947 3310 1078 3376 Penates

274 3411 454 3478 ldomeueil
495 3412 667 3496 Libycone
675 3410 850 3476 habitantes
864 3408 965 3475 littore
980 3411 1119 3478 Locros?
1237 3421 1298 3484 265

274 3513 344 3600 lpse
359 3514 540 3601 Mycenaeus
555 3533 733 3600 magnorum
747 3512 857 3578 ductor
869 3513 1025 3580 Achivdm

274 3613 423 3706 Coojugis
437 3615 570 3684 infande
585 3616 684 3702 prima
699 3619 780 3682 iutra
795 3615 902 3680 limine
917 3614 1028 3679 dextri

274 3717 433 3805 Oppetiit;
453 3716 609 3784 devictam
619 3719 726 3784 Asiam
741 3717 880 3784 subsedit
894 3714 1033 3782 adulter:

274 3818 423 3886 invidisse
438 3817 514 3890 deos
528 3823 638 3906 patriis
651 3833 685 3886 ut
698 3818 837 3886 redditus
853 3823 915 3886 aris

272 3921 457 4012 eonjugium
470 3937 608 4009 optatum
623 3931 653 3990 e't
667 3923 829 4009 pulchram
844 3922 1011 4008 Calydona
1025 3919 1185 3994 viderem!
1235 3909 1297 3998 270

274 4023 363 4091 Nunc
379 4029 473 4090 etiam
487 4025 631 4094 horribili
645 4029 714 4092 visu
727 4037 869 4110 portenta
884 4035 1060 4110 sequuntur,

275 4123 315 4192 Et
327 4128 406 4194 socii
420 4127 525 4197 amissi
537 4131 691 4218 petierunt
704 4127 821 4197 ethera
834 4130 954 4216 peonis,
