2936 5122
709 504 825 565 uteru
839 505 903 565 xit.

297 672 402 755 Atque
417 665 502 747 huic,
517 669 550 730 in
564 665 680 730 faciem
694 687 783 728 soror
797 680 830 728 ut
845 687 998 730 conversa
1013 665 1136 731 Metisci

300 773 424 857 Aurigae
440 789 628 853 currumque
644 781 675 832 et
689 790 786 852 equos
802 782 832 832 et
847 767 914 832 lora
929 770 1068 854 regebat,

300 875 432 940 Talibus
446 873 583 938 occurrit
597 871 708 935 dictis:
733 869 816 952 Hae,
832 871 948 953 Turne,
963 894 1129 957 sequamur

302 977 508 1065 Trojugenas,
524 973 584 1058 qud
599 973 700 1059 prima
715 977 798 1038 viam
814 974 944 1039 victoria
960 975 1085 1061 paudit3

304 1081 381 1146 Sunt
396 1079 450 1144 alii
466 1078 519 1162 qui
531 1091 618 1142 tecta
634 1099 724 1141 manu
741 1075 910 1141 defendere
925 1077 1054 1163 possint.

302 1185 422 1270 Ingruit
439 1183 551 1248 AEneas
568 1181 664 1262 ltalis,
679 1195 710 1246 et
725 1181 835 1267 proelia
852 1182 977 1247 miscet:

303 1289 344 1353 Et
359 1310 415 1353 nos
429 1307 512 1352 saeva
528 1307 620 1350 manu
636 1287 790 1350 mittamus
806 1286 915 1349 lunera
930 1285 1074 1353 Teucris
1205 1365 1210 1382 .

304 1391 372 1456 Nec
389 1412 516 1456 numero
532 1389 667 1468 inferior,
681 1409 791 1474 pugnae
807 1409 865 1453 nec
881 1389 1007 1469 honore,
1021 1391 1162 1456 recedes.
1278 1397 1341 1456 630

304 1495 430 1559 Turnus
446 1493 487 1558 ad
504 1493 593 1556 haec:

305 1597 445 1675 Osoror,
461 1611 491 1660 et
507 1595 622 1660 dudum
638 1597 759 1680 agnovi,
775 1617 868 1679 quum
884 1598 984 1681 prima
998 1619 1055 1682 per
1071 1611 1170 1664 artem

307 1701 441 1766 Foedcra
457 1700 598 1778 turbasti,
613 1712 705 1782 teque
722 1698 788 1762 haec
805 1703 837 1763 in
854 1699 937 1763 bella
953 1699 1086 1763 dedisti:

306 1803 348 1868 Et
362 1825 442 1870 nunc
458 1802 668 1890 nequidquam
685 1802 778 1880 lallis,
792 1799 863 1866 dea.
909 1803 970 1867 Sed
986 1805 1054 1888 quis
1069 1803 1207 1889 Olympo

305 1907 481 1972 Demissam
498 1918 598 1970 tantos
614 1904 710 1968 voluit
725 1919 754 1968 te
772 1905 854 1968 ferre
870 1906 1016 1969 laboresl
1280 1911 1340 1970 635

307 2012 357 2075 An
372 2012 475 2075 fratris
490 2008 592 2072 miseri
608 2008 702 2071 letum
718 2021 751 2070 ut
766 2007 893 2071 crudele
910 2009 1054 2074 videres?

307 2114 389 2178 Nam
406 2112 479 2198 quid
496 2116 576 2198 agol
597 2125 650 2175 aut
665 2132 733 2195 quaa¹
745 2113 810 2197 jam
826 2103 958 2196 spolrdet
973 2114 1095 2177 fortuna
1111 2111 1259 2178 salutem?

307 2216 386 2283 Vidi
401 2215 507 2281 oculos
522 2229 594 2279 ante
607 2217 673 2299 ipse
690 2237 773 2277 meos
790 2237 837 2279 me
854 2238 930 2278 voce
946 2231 1110 2281 vocantem

307 2320 501 2398 Murranum,
516 2340 578 2403 quo
592 2341 652 2382 non
669 2331 795 2403 superat
810 2318 885 2382 mihi
896 2321 998 2384 carior
1013 2321 1103 2401 alter,

307 2423 466 2509 Oppetere
481 2423 645 2506 ingentem,
660 2435 752 2504 atque
769 2422 884 2506 ingenti
898 2422 1026 2486 vulnere
1042 2425 1168 2490 victum.
1281 2431 1344 2492 640

308 2525 435 2591 Occidit
450 2524 567 2604 infelix,
582 2544 621 2588 ne
637 2519 773 2587 nostrum
790 2523 928 2588 dedecus
950 2523 1048 2590 Ufens

308 2627 513 2712 Adspiceret:
536 2625 652 2689 Teucri
668 2629 826 2710 potiuntur
841 2647 973 2711 corpore
989 2640 1019 2691 et
1035 2630 1138 2694 armis.

310 2729 501 2795 Exscindine
516 2729 624 2794 domos
640 2725 692 2814 (id
707 2729 802 2793 rebus
817 2727 915 2793 deluit
931 2733 1041 2815 unum)

313 2835 498 2919 Perpetiarl
519 2832 630 2897 dextra
646 2854 703 2896 nec
720 2832 855 2896 Drancis
870 2833 956 2897 dicta
971 2827 1134 2900 refellam?

310 2938 416 3023 Terga
431 2935 537 3002 dabol
559 2949 588 3001 et
599 2937 739 2999 Turnum
751 2935 917 3020 fugientem
930 2937 997 3000 haec
1009 2951 1093 3002 terra
1106 2937 1245 3004 videbit?
1281 2945 1343 3004 645

311 3039 421 3125 Usque
437 3037 557 3104 adeone
572 3039 651 3102 mori
666 3041 812 3101 miserum
828 3041 895 3101 est?
938 3039 1005 3104 Vos
1021 3063 1040 3103 o
1055 3041 1140 3134 mihi,
1156 3043 1276 3124 Manes,

311 3144 386 3208 Este
401 3144 485 3222 boni,
501 3141 646 3226 quoniam
663 3139 789 3225 Superis
804 3161 916 3204 aversa
930 3141 1084 3206 voluntas.

314 3247 429 3310 Sancta
445 3243 485 3309 ad
500 3265 556 3307 vos
571 3243 684 3323 anima,
700 3256 793 3327 atque
810 3243 894 3308 istius
911 3247 1010 3310 inscia
1025 3245 1135 3330 culpae,

311 3348 523 3428 Descendam,
538 3369 719 3434 magnorum
736 3347 819 3412 haud
835 3371 970 3433 unquam
985 3348 1127 3434 indignus
1142 3371 1281 3416 avorum.

313 3453 381 3517 Vix
397 3473 435 3516 ea
450 3453 530 3516 latus
545 3465 613 3516 erat
628 3478 636 3532 3
658 3451 777 3515 medios
792 3451 875 3516 volat
891 3473 965 3516 ecce
980 3475 1038 3538 per
1053 3453 1156 3517 hostes
1285 3461 1346 3520 650

312 3555 435 3621 Vectus
450 3576 531 3639 equo
546 3568 710 3640 spumante
727 3555 832 3633 Saces,
848 3553 980 3618 adversa
996 3555 1104 3642 sagittis

316 3659 445 3724 Saucius
460 3679 536 3738 ora3
558 3661 692 3742 ruitque,
707 3657 876 3744 implorans
892 3659 1013 3721 nomine
1029 3659 1185 3722 Turnum:

315 3763 431 3842 Turne,
447 3762 476 3826 in
492 3771 681 3848 te'suprema
697 3761 797 3840 salus3
820 3764 967 3825 miserore
983 3775 1115 3824 tuorum.

316 3864 471 3930 Fulminat
486 3861 605 3929 AEneas
622 3867 737 3942 armis3
759 3883 954 3948 summasque
970 3863 1102 3927 minatur
1127 3923 1129 3927 .

248 3985 254 3996 ·
315 3969 519 4055 Dejecturum
534 3989 624 4033 arces
640 3967 761 4048 ltaldm,
776 3965 963 4050 excidioque
979 3965 1141 4048 daturum3
1286 3977 1346 4036 655

316 4071 448 4157 Jamque
464 4073 549 4136 laces
564 4070 604 4135 ad
620 4084 703 4136 tecta
717 4069 841 4134 volant:
865 4069 894 4133 in
911 4084 940 4133 te
956 4092 1011 4133 ora
1023 4069 1138 4152 Latini,

319 4173 353 4238 ln
368 4187 398 4240 tc
412 4175 519 4240 oculos
535 4177 691 4240 referunt:
714 4185 831 4240 mussat
845 4195 902 4240 rex
918 4177 984 4259 ipse
1000 4173 1130 4242 Latinus

672 4284 712 4339 49
