2978 5124
222 513 283 576 ³03
668 507 858 572 AENEDOS

266 665 306 731 Et
320 664 425 731 media
441 663 566 732 adversi
581 665 750 752 liquefacto
764 679 905 752 tempora
919 664 1047 750 plumbo

266 769 397 851 Diffidit,
412 793 450 835 ac
464 769 560 836 multi
574 783 752 856 porrecnim
766 770 907 836 extendit
920 769 1027 836 arenis.

267 873 350 938 Tum
363 871 495 958 primum
509 871 595 938 bello
607 871 744 939 celerem
758 871 924 940 intendisse
937 873 1083 957 sagittam

267 975 401 1056 Dicitur,
421 976 493 1040 antri
507 977 590 1042 seras
605 975 713 1040 solitus
728 988 846 1040 terrere
859 975 998 1060 fugaces,

269 1082 431 1160 Ascanius,
444 1079 618 1164 sortemque
633 1099 726 1144 manu
740 1077 856 1172 ludisne
870 1078 1059 1155 Numanum,

267 1181 328 1246 Cui
344 1181 477 1248 Remido
490 1205 662 1268 cognomen
675 1195 753 1262 erat,
768 1181 929 1266 Turnique
944 1180 1094 1246 minorem

266 1283 465 1365 Germanum,
479 1307 579 1372 nuper
592 1284 730 1350 thalamo
744 1285 889 1364 sociatis,
904 1282 1054 1350 nubebat.

266 1387 297 1450 ls
311 1389 443 1472 primam
457 1401 529 1452 ante
545 1391 656 1466 aciem,
668 1387 764 1473 digna
778 1401 871 1472 atque
886 1385 1013 1472 indigna
1027 1383 1129 1450 relatu

267 1495 463 1575 Vociferaus,
477 1493 673 1578 tumidusque
687 1513 768 1558 novo
782 1491 958 1578 praecordia
972 1513 1078 1578 regno,

266 1597 344 1678 Ibat,
357 1612 388 1664 et
403 1601 557 1686 ingentem
571 1619 641 1662 sese
654 1595 792 1660 clamore
807 1594 946 1660 terebat:

308 1701 379 1766 Non
391 1699 487 1786 pudet
500 1699 665 1764 obsidione
679 1701 792 1762 iterum
806 1696 952 1780 valloque
967 1698 1076 1773 teneri,

267 1803 320 1868 Bis
334 1804 418 1890 capti
433 1803 586 1888 Phryges,
601 1815 632 1866 et
646 1801 743 1866 Marti
757 1797 956 1885 praetendere
968 1801 1096 1865 muros?

264 1905 314 1971 En
329 1907 382 1992 qui
396 1919 500 1972 nostra
511 1905 574 1970 sibi
588 1903 672 1970 bello
686 1903 843 1968 connubia
857 1905 1004 1989 munt!

265 2009 342 2092 Quis
356 2008 434 2074 cleas
448 2007 581 2089 ltaliam,
595 2029 665 2094 quae
678 2029 735 2072 vos
749 2006 909 2072 dementia
922 2003 1051 2092 adegit?

266 2112 337 2178 Non
352 2113 404 2178 hic
419 2113 550 2193 Atridae,
563 2135 623 2178 nec
638 2113 723 2178 fandi
738 2112 829 2178 lictor
844 2110 990 2197 Ulysses.

265 2215 387 2282 Durum
402 2217 444 2280 ab
458 2220 555 2304 stirpe
569 2239 675 2303 genus,
691 2229 778 2281 natos
792 2214 834 2279 ad
848 2215 975 2278 flumina
989 2211 1122 2300 primiim

265 2315 451 2398 Deierimus,
466 2339 612 2404 sevoque
626 2319 696 2406 gelu
711 2317 860 2382 duramus
874 2330 906 2381 et
920 2315 1027 2382 undis:

265 2419 391 2486 Venatu
405 2420 567 2507 invigilant
582 2423 680 2507 pueri,
694 2421 852 2506 silvasque
866 2421 1012 2507 fatigant:

265 2523 406 2588 Flectere
421 2523 510 2588 ludus
525 2545 631 2610 equos,
647 2538 678 2589 et
691 2524 814 2610 spicula
828 2523 956 2589 tendere
975 2545 1084 2588 cornu.

264 2629 306 2688 At
319 2629 440 2710 patiens
453 2647 584 2711 operum
598 2647 758 2712 parvoque
773 2637 895 2690 assueta
905 2628 1061 2712 juventus,

265 2729 327 2792 Aut
341 2729 448 2792 rastris
462 2741 578 2793 terram
592 2727 707 2808 domat,
722 2743 776 2794 aut
790 2729 888 2814 quatit
901 2727 1017 2812 oppida
1030 2726 1126 2793 bello.

264 2828 365 2894 Omne
378 2850 479 2894 ravum
494 2831 578 2894 ferro
592 2833 721 2909 teritur;
741 2830 897 2916 versique
907 2827 1077 2916 juvenciim

147 2993 154 3004 ,
222 3011 223 3014 ¹
264 2932 370 3020 Terga
384 2934 547 3021 fatigamus
562 2935 670 3000 basta:
694 2955 752 2998 nec
766 2933 858 2998 tarda
872 2945 1014 2998 senectus

262 3033 418 3100 Debilitat
431 3039 515 3102 vires
530 3038 634 3116 animi,
648 3048 807 3122 mutatque
822 3036 979 3123 vigorem3

263 3137 417 3204 Canitiem
431 3140 521 3227 galei
535 3145 723 3226 premimua3
746 3161 932 3226 semperque
946 3151 1090 3204 recentes

261 3241 468 3328 Comportare
479 3247 567 3331 juvat
582 3243 716 3330 predas,
731 3257 762 3308 et
777 3247 883 3308 vivere
898 3255 1000 3328 rapto.

259 3345 364 3410 Vobis
377 3349 463 3432 picta
478 3367 573 3412 eroco
588 3360 618 3410 et
633 3345 761 3434 fulgenti
777 3347 895 3412 murice
906 3344 1019 3424 vestm,

260 3445 399 3514 Desidia
414 3449 521 3530 cordi,
538 3451 629 3537 juvat
642 3449 804 3537 indulgere
818 3449 964 3526 choreis3
1227 3455 1293 3514 *ets

261 3549 303 3614 Et
316 3551 427 3616 tunicae
443 3555 581 3618 manicas
596 3563 627 3616 et
641 3551 760 3616 babent
773 3551 956 3620 redimicula
971 3554 1081 3619 minse.

263 3651 293 3716 Ο
307 3651 382 3716 veri
399 3653 555 3740 Phrygia,
568 3675 669 3738 neque
684 3658 767 3720 enim
782 3653 934 3741 Phryges,
948 3658 991 3720 ite
1003 3677 1062 3741 per
1075 3651 1140 3720 alta

262 3751 432 3840 Dindyma,
446 3757 500 3820 ubi
516 3758 643 3822 assuetis
658 3757 791 3822 biforem
805 3757 861 3822 dat
872 3759 951 3824 tibia
965 3772 1102 3824 cantum.

261 3855 429 3943 Tympana
442 3881 498 3924 vos
512 3861 676 3946 buxusque
690 3875 804 3926 rocam
818 3861 1010 3948 Berecyntia
1024 3864 1132 3929 matria

261 3957 372 4022 ldaeae:
396 3961 485 4026 sinite
498 3983 587 4028 arma
601 3965 686 4044 viris,
700 3976 732 4028 et
744 3961 848 4028 cedite
862 3963 959 4028 ferro.
1069 4035 1073 4044 ¹
1228 3963 1292 4030 62⁰

303 4059 399 4126 Talia
408 4063 579 4148 jactantem
593 4065 688 4132 dictis
702 4087 740 4132 ac
755 4065 825 4131 dira
838 4079 1003 4132 canentem
1044 4057 1065 4079 ‘

260 4163 331 4230 Non
344 4163 415 4232 tulit
430 4167 601 4248 Amardus,
622 4189 782 4254 nervoque
795 4169 947 4236 obversis
960 4169 1077 4253 espnlno
