2978 5124
667 495 782 563 malt
800 495 851 558 Xl.

257 651 432 720 Ducentem
447 655 479 717 in
493 649 618 716 Latium
637 647 779 716 Teucros
793 645 947 717 cecidisse
957 649 1090 738 juvabit.

258 759 343 843 Quin
356 781 414 846 ego
427 779 489 824 non
503 755 565 822 alio
579 754 689 842 digner
703 767 733 820 te
747 757 863 838 sunere,
879 753 976 836 Palla,

256 863 359 945 Quam
373 865 443 949 pius
458 861 582 940 AEneas,
596 875 627 924 et
641 860 733 946 quam
747 861 849 946 magni
865 857 1016 948 Phryges,
1030 873 1061 924 et
1075 859 1168 946 quam
1224 861 1284 921 170

259 965 480 1052 Tyrrhenique
494 963 601 1044 duces,
615 963 816 1050 Tyrrhenum
831 967 986 1028 exercitus
1001 968 1100 1029 omnis
1115 985 1124 1025 ε

260 1066 377 1152 Magna
390 1081 508 1152 tropaea
522 1068 633 1144 ferunt,
648 1085 725 1150 quos
737 1065 791 1129 dat
806 1079 858 1129 tua
872 1064 1004 1130 dextera
1018 1065 1091 1130 leto.

259 1169 308 1233 Tu
323 1189 445 1255 quoque
460 1191 540 1234 nunc
555 1183 653 1234 stares
668 1172 811 1234 immanis
830 1179 955 1232 truncus
969 1172 1001 1233 in
1015 1172 1118 1250 armis,

172 1302 183 1321 ·
259 1269 350 1336 Esset
363 1295 422 1358 par
436 1286 521 1354 aetas,
535 1287 566 1336 et
581 1271 662 1336 idem
677 1276 703 1336 si
718 1273 813 1336 robur
828 1271 869 1335 ab
885 1271 981 1352 annis,

258 1373 376 1437 Turne.
421 1373 484 1438 Sed
498 1373 606 1438 infelix
620 1375 761 1438 Teucros
776 1372 850 1460 quid
865 1371 1010 1438 demoror
1023 1374 1139 1439 armis?
1226 1375 1285 1436 175

258 1475 387 1558 Vadite,
402 1490 432 1542 et
445 1477 513 1542 baec
528 1498 680 1542 memores
694 1479 760 1563 regi
775 1474 920 1540 mandata
935 1475 1066 1539 referte:

257 1576 351 1660 Qudd
365 1580 459 1644 vitam
474 1601 577 1644 moror
591 1580 731 1659 invisam,
746 1577 884 1643 Pallante
898 1589 1069 1664 perempto,

257 1683 400 1751 Dextera
414 1707 509 1750 cauea
525 1700 577 1750 tua
592 1699 648 1767 est,
662 1685 802 1750 Turnum
816 1698 971 1770 gnatoque
985 1687 1131 1770 patrique

257 1784 359 1865 Quam
373 1785 490 1851 debere
504 1785 611 1851 vides:
634 1787 750 1850 meritis
765 1798 857 1850 vacat
872 1785 924 1849 hic
940 1785 996 1850 tibi
1010 1784 1092 1850 solus

256 1885 461 1973 Fortunaque
475 1887 572 1952 locus.
616 1888 687 1952 Non
701 1891 770 1952 vitae
785 1885 897 1974 gaudia
913 1907 1028 1970 quaero,
1223 1893 1283 1954 100
1329 1947 1333 1953 .
1365 1881 1371 1892 ’

257 1987 325 2052 Nec
340 1989 406 2069 fas3
427 1990 481 2054 sed
496 2002 588 2076 gnato
603 2011 709 2054 manes
723 1991 863 2074 perferre
878 1988 936 2053 sub
951 1991 1038 2054 imos.

299 2091 421 2157 Aurora
435 2095 554 2156 interea
569 2091 687 2158 miseris
701 2090 882 2155 mortalibus
897 2089 1010 2156 almm

173 2218 175 2220 ·
255 2185 420 2258 Extulerat
435 2192 545 2274 lucem,
559 2195 697 2260 reserens
711 2215 808 2279 opera
824 2207 916 2278 atque
931 2193 1066 2260 labores.

254 2295 328 2359 Jam
342 2309 432 2380 pater
446 2295 569 2376 AEneas,
579 2296 645 2383 jam
659 2317 756 2360 curvo
771 2298 802 2360 in
817 2295 918 2360 littore
932 2295 1061 2360 Tarcho

253 2397 453 2462 Constitudre
466 2419 584 2484 pyras3
605 2397 665 2462 buc
681 2419 814 2483 corpora
829 2401 959 2484 quisque
974 2419 1099 2462 suorum
1222 2403 1281 2462 tao

252 2499 346 2563 More
361 2497 459 2562 tulere
473 2511 615 2583 patrum3
637 2499 847 2584 subjectisque
862 2499 983 2584 ignibus
998 2501 1073 2564 atris

254 2599 409 2665 Conditor
423 2603 455 2664 in
469 2599 614 2665 tenebras
630 2599 724 2664 altum
739 2601 871 2686 caligine
885 2601 1009 2666 coelum.

251 2703 321 2768 Ter
334 2706 452 2766 circum
467 2723 625 2782 accensos,
639 2701 733 2766 cincti
748 2702 934 2789 fulgentibus
949 2703 1052 2786 armis,

251 2802 433 2870 Decurrere
447 2824 539 2889 rogos
553 2829 562 2882 3
584 2815 631 2868 ter
644 2816 785 2867 moestum
800 2805 915 2869 funeris
930 2805 1031 2891 ignem

251 2905 443 2972 Lustravdre
458 2905 488 2968 in
504 2905 602 2988 equis,
616 2902 809 2990 ululatusque
824 2928 878 2970 ore
893 2906 1022 2973 deddre.
1224 2915 1284 2976 100

205 3059 219 3076 t
251 3009 414 3098 Spargitur
428 3021 459 3072 et
472 3006 562 3071 tellus
577 3005 737 3092 lacrymis,
752 3021 935 3096 sparguntur
949 3023 980 3074 et
995 3031 1100 3074 arma:

249 3113 280 3178 lt
293 3109 375 3176 coelo
388 3109 568 3192 clamorque
582 3107 693 3189 turim,
707 3108 895 3195 clangorque
911 3110 1064 3176 tubarum.

250 3217 340 3281 Hinc
355 3213 409 3278 alii
423 3211 522 3298 spolia
536 3212 648 3275 occisis
663 3209 793 3298 derepta
807 3211 927 3277 Latinis

249 3315 428 3403 Conjiciunt
442 3314 514 3400 igni,
528 3313 643 3400 galeas,
658 3335 808 3400 ensesque
822 3313 964 3396 decoros,

247 3417 434 3501 Frenaque,
447 3416 663 3500 ferventesque
677 3429 779 3495 rotas3
799 3439 872 3502 pars
887 3437 1015 3484 munera
1029 3427 1111 3498 nota,
1221 3423 1278 3480 19⁵

246 3519 392 3606 Ipsorum
406 3511 547 3603 clypeos,
562 3530 593 3580 et
606 3539 666 3580 non
681 3517 786 3582 felicia
801 3518 874 3584 tela.

248 3619 352 3686 Multa
365 3620 459 3684 boum
473 3619 558 3683 circa
573 3631 745 3683 mactantur
759 3641 891 3708 corpora
904 3619 1012 3700 morti3
1128 3695 1129 3700 γ

247 3721 467 3807 Setigerosque
482 3743 563 3802 sues,
576 3736 744 3808 raptasque
758 3744 799 3787 ex
814 3723 955 3788 omnibus
970 3721 1051 3808 agris

247 3823 286 3888 ln
300 3822 455 3887 flammam
466 3821 607 3912 jugulant
621 3825 778 3909 pecudes:
801 3835 864 3888 tum
880 3824 981 3888 littore
996 3836 1060 3887 toto

246 3923 405 3990 Ardentes
419 3937 560 4010 spectant
574 3931 685 4008 socios,
700 3927 906 4010 semiustaque
921 3927 1047 3991 servent
1216 3933 1278 3998 200

245 4026 367 4105 Busta3
388 4045 489 4110 neque
504 4025 596 4090 avelli
611 4041 748 4112 possunt,
762 4047 824 4091 nox
839 4025 966 4094 humida
981 4027 1081 4096 donec

247 4125 379 4193 invertit
392 4126 504 4192 coelum
519 4126 614 4192 stellis
628 4127 816 4216 fulgentibus
830 4141 945 4213 aptum.

625 4235 669 4294 44
