<?xml version="1.0" encoding="UTF-8"?>
<!DOCTYPE html PUBLIC "-//W3C//DTD XHTML 1.0 Transitional//EN"
    "http://www.w3.org/TR/xhtml1/DTD/xhtml1-transitional.dtd">
<html xmlns="http://www.w3.org/1999/xhtml" xml:lang="en" lang="en">
 <head>
  <title>
</title>
<meta http-equiv="Content-Type" content="text/html;charset=utf-8" />
  <meta name='ocr-system' content='tesseract 3.04.00' />
  <meta name='ocr-capabilities' content='ocr_page ocr_carea ocr_par ocr_line ocrx_word'/>
</head>
<body>
  <div class='ocr_page' id='page_1' title='image "./bucolicageorgic01goulgoog/bucolicageorgic01goulgoog_0144.png"; bbox 0 0 2956 5132; ppageno 0'>
   <div class='ocr_carea' id='block_1_1' title="bbox 180 445 892 510">
    <p class='ocr_par' dir='ltr' id='par_1_1' title="bbox 180 445 892 510">
     <span class='ocr_line' id='line_1_1' title="bbox 180 445 892 510; baseline 0 -2"><span class='ocrx_word' id='word_1_1' title='bbox 180 455 235 510; x_wconf 77' lang='lat'>124</span> <span class='ocrx_word' id='word_1_2' title='bbox 526 445 714 508; x_wconf 80' lang='lat' dir='ltr'>AENEIDOS</span> <span class='ocrx_word' id='word_1_3' title='bbox 736 445 851 510; x_wconf 73' lang='lat' dir='ltr'>Lim</span> <span class='ocrx_word' id='word_1_4' title='bbox 870 449 892 509; x_wconf 88' lang='lat'>1.</span> 
     </span>
    </p>
   </div>
   <div class='ocr_carea' id='block_1_2' title="bbox 209 599 1266 4050">
    <p class='ocr_par' dir='ltr' id='par_1_2' title="bbox 268 599 1115 685">
     <span class='ocr_line' id='line_1_2' title="bbox 268 599 1115 685; baseline 0 -21"><span class='ocrx_word' id='word_1_5' title='bbox 268 599 435 683; x_wconf 84' lang='lat' dir='ltr'>Postquam</span> <span class='ocrx_word' id='word_1_6' title='bbox 450 599 549 684; x_wconf 87' lang='lat' dir='ltr'>prima</span> <span class='ocrx_word' id='word_1_7' title='bbox 565 601 651 684; x_wconf 88' lang='lat' dir='ltr'>quies</span> <span class='ocrx_word' id='word_1_8' title='bbox 666 599 774 685; x_wconf 85' lang='lat' dir='ltr'>epulis,</span> <span class='ocrx_word' id='word_1_9' title='bbox 788 619 964 684; x_wconf 77' lang='lat' dir='ltr'>mensaeque</span> <span class='ocrx_word' id='word_1_10' title='bbox 978 609 1115 679; x_wconf 71' lang='lat' dir='ltr'>remote,</span> 
     </span>
    </p>

    <p class='ocr_par' dir='ltr' id='par_1_3' title="bbox 226 703 976 789">
     <span class='ocr_line' id='line_1_3' title="bbox 226 703 976 789; baseline -0.005 -21"><span class='ocrx_word' id='word_1_11' title='bbox 226 703 374 770; x_wconf 79' lang='lat' dir='ltr'>Crateras</span> <span class='ocrx_word' id='word_1_12' title='bbox 390 725 515 789; x_wconf 83' lang='lat' dir='ltr'>magnos</span> <span class='ocrx_word' id='word_1_13' title='bbox 529 716 672 783; x_wconf 87' lang='lat' dir='ltr'>statuunt,</span> <span class='ocrx_word' id='word_1_14' title='bbox 687 716 718 767; x_wconf 86' lang='lat' dir='ltr'>et</span> <span class='ocrx_word' id='word_1_15' title='bbox 731 703 804 768; x_wconf 85' lang='lat' dir='ltr'>vina</span> <span class='ocrx_word' id='word_1_16' title='bbox 816 713 976 766; x_wconf 87' lang='lat' dir='ltr'>coronant.</span> 
     </span>
    </p>

    <p class='ocr_par' dir='ltr' id='par_1_4' title="bbox 226 804 1251 996">
     <span class='ocr_line' id='line_1_4' title="bbox 226 804 1251 894; baseline -0.009 -22"><span class='ocrx_word' id='word_1_17' title='bbox 226 808 275 872; x_wconf 84' lang='lat' dir='ltr'>Fit</span> <span class='ocrx_word' id='word_1_18' title='bbox 290 806 433 892; x_wconf 87' lang='lat' dir='ltr'>strepitus</span> <span class='ocrx_word' id='word_1_19' title='bbox 447 808 545 886; x_wconf 90' lang='lat' dir='ltr'>tectis,</span> <span class='ocrx_word' id='word_1_20' title='bbox 560 827 729 892; x_wconf 88' lang='lat' dir='ltr'>vocemque</span> <span class='ocrx_word' id='word_1_21' title='bbox 745 829 803 892; x_wconf 88' lang='lat' dir='ltr'>per</span> <span class='ocrx_word' id='word_1_22' title='bbox 816 805 922 894; x_wconf 85' lang='lat' dir='ltr'>ampla</span> <span class='ocrx_word' id='word_1_23' title='bbox 931 804 1070 870; x_wconf 90' lang='lat' dir='ltr'>volutant</span> <span class='ocrx_word' id='word_1_24' title='bbox 1191 804 1251 864; x_wconf 70' lang='lat'>725</span> 
     </span>
     <span class='ocr_line' id='line_1_5' title="bbox 227 907 993 996; baseline -0.003 -24"><span class='ocrx_word' id='word_1_25' title='bbox 227 911 336 972; x_wconf 81' lang='lat' dir='ltr'>Atria:</span> <span class='ocrx_word' id='word_1_26' title='bbox 359 907 538 992; x_wconf 88' lang='lat' dir='ltr'>dependent</span> <span class='ocrx_word' id='word_1_27' title='bbox 552 909 660 996; x_wconf 81' lang='lat' dir='ltr'>lychni</span> <span class='ocrx_word' id='word_1_28' title='bbox 675 908 875 994; x_wconf 83' lang='lat' dir='ltr'><strong>laquearibus</strong></span> <span class='ocrx_word' id='word_1_29' title='bbox 890 909 993 972; x_wconf 84' lang='lat' dir='ltr'>aureis</span> 
     </span>
    </p>

    <p class='ocr_par' dir='ltr' id='par_1_5' title="bbox 228 1008 964 1088">
     <span class='ocr_line' id='line_1_6' title="bbox 228 1008 964 1088; baseline 0.001 -16"><span class='ocrx_word' id='word_1_30' title='bbox 228 1008 358 1088; x_wconf 82' lang='lat' dir='ltr'><strong>Incensi,</strong></span> <span class='ocrx_word' id='word_1_31' title='bbox 374 1021 404 1072; x_wconf 88' lang='lat' dir='ltr'>et</span> <span class='ocrx_word' id='word_1_32' title='bbox 419 1022 540 1074; x_wconf 89' lang='lat' dir='ltr'>noctem</span> <span class='ocrx_word' id='word_1_33' title='bbox 555 1009 683 1074; x_wconf 87' lang='lat' dir='ltr'>flammis</span> <span class='ocrx_word' id='word_1_34' title='bbox 698 1009 814 1074; x_wconf 76' lang='lat' dir='ltr'>binalis</span> <span class='ocrx_word' id='word_1_35' title='bbox 828 1010 964 1074; x_wconf 89' lang='lat' dir='ltr'>vincunt.</span> 
     </span>
    </p>

    <p class='ocr_par' dir='ltr' id='par_1_6' title="bbox 231 1112 1015 1200">
     <span class='ocr_line' id='line_1_7' title="bbox 231 1112 1015 1200; baseline -0.003 -24"><span class='ocrx_word' id='word_1_36' title='bbox 231 1113 298 1176; x_wconf 88' lang='lat' dir='ltr'>Hic</span> <span class='ocrx_word' id='word_1_37' title='bbox 313 1112 419 1197; x_wconf 84' lang='lat' dir='ltr'>regina</span> <span class='ocrx_word' id='word_1_38' title='bbox 433 1135 558 1198; x_wconf 85' lang='lat' dir='ltr'>gravem</span> <span class='ocrx_word' id='word_1_39' title='bbox 572 1115 700 1200; x_wconf 79' lang='lat' dir='ltr'>gemmis</span> <span class='ocrx_word' id='word_1_40' title='bbox 714 1135 851 1198; x_wconf 87' lang='lat' dir='ltr'>auroque</span> <span class='ocrx_word' id='word_1_41' title='bbox 866 1113 1015 1198; x_wconf 81' lang='lat' dir='ltr'><strong>poposcit,</strong></span> 
     </span>
    </p>

    <p class='ocr_par' dir='ltr' id='par_1_7' title="bbox 230 1213 1085 1303">
     <span class='ocr_line' id='line_1_8' title="bbox 230 1213 1085 1303; baseline -0.001 -26"><span class='ocrx_word' id='word_1_42' title='bbox 230 1213 431 1303; x_wconf 46' lang='lat' dir='ltr'>impifftque</span> <span class='ocrx_word' id='word_1_43' title='bbox 447 1237 541 1296; x_wconf 88' lang='lat' dir='ltr'>mero,</span> <span class='ocrx_word' id='word_1_44' title='bbox 555 1230 703 1302; x_wconf 86' lang='lat' dir='ltr'>pateram,</span> <span class='ocrx_word' id='word_1_45' title='bbox 718 1237 811 1300; x_wconf 89' lang='lat' dir='ltr'>quam</span> <span class='ocrx_word' id='word_1_46' title='bbox 826 1215 920 1280; x_wconf 86' lang='lat' dir='ltr'>Belus</span> <span class='ocrx_word' id='word_1_47' title='bbox 934 1229 966 1280; x_wconf 87' lang='lat' dir='ltr'>et</span> <span class='ocrx_word' id='word_1_48' title='bbox 979 1235 1085 1279; x_wconf 88' lang='lat' dir='ltr'>omnes</span> 
     </span>
    </p>

    <p class='ocr_par' dir='ltr' id='par_1_8' title="bbox 229 1317 1254 1505">
     <span class='ocr_line' id='line_1_9' title="bbox 229 1317 1254 1382; baseline -0.007 -2"><span class='ocrx_word' id='word_1_49' title='bbox 229 1319 257 1380; x_wconf 82' lang='grc' dir='ltr'><strong>Α</strong></span> <span class='ocrx_word' id='word_1_50' title='bbox 274 1317 351 1380; x_wconf 89' lang='lat' dir='ltr'>Belo</span> <span class='ocrx_word' id='word_1_51' title='bbox 366 1317 455 1380; x_wconf 89' lang='lat' dir='ltr'>soliti.</span> <span class='ocrx_word' id='word_1_52' title='bbox 479 1319 560 1382; x_wconf 88' lang='lat' dir='ltr'>Tum</span> <span class='ocrx_word' id='word_1_53' title='bbox 575 1319 657 1382; x_wconf 85' lang='lat' dir='ltr'>iacta</span> <span class='ocrx_word' id='word_1_54' title='bbox 672 1317 791 1381; x_wconf 84' lang='lat' dir='ltr'>silentia</span> <span class='ocrx_word' id='word_1_55' title='bbox 806 1318 910 1380; x_wconf 84' lang='lat' dir='ltr'>tectis:</span> <span class='ocrx_word' id='word_1_56' title='bbox 1194 1317 1254 1374; x_wconf 71' lang='lat'>730</span> 
     </span>
     <span class='ocr_line' id='line_1_10' title="bbox 229 1418 1034 1505; baseline 0 -23"><span class='ocrx_word' id='word_1_57' title='bbox 229 1419 360 1504; x_wconf 84' lang='lat' dir='ltr'>Jupiter,</span> <span class='ocrx_word' id='word_1_58' title='bbox 375 1419 544 1505; x_wconf 83' lang='lat' dir='ltr'>hospitibus</span> <span class='ocrx_word' id='word_1_59' title='bbox 559 1441 629 1484; x_wconf 83' lang='lat' dir='ltr'>nam</span> <span class='ocrx_word' id='word_1_60' title='bbox 643 1433 673 1484; x_wconf 90' lang='lat' dir='ltr'>te</span> <span class='ocrx_word' id='word_1_61' title='bbox 687 1418 764 1484; x_wconf 88' lang='lat' dir='ltr'>dare</span> <span class='ocrx_word' id='word_1_62' title='bbox 774 1422 847 1505; x_wconf 85' lang='lat' dir='ltr'>jura</span> <span class='ocrx_word' id='word_1_63' title='bbox 861 1418 1034 1504; x_wconf 89' lang='lat' dir='ltr'>loquuntur,</span> 
     </span>
    </p>

    <p class='ocr_par' dir='ltr' id='par_1_9' title="bbox 233 1520 1057 1608">
     <span class='ocr_line' id='line_1_11' title="bbox 233 1520 1057 1608; baseline -0.002 -22"><span class='ocrx_word' id='word_1_64' title='bbox 233 1525 327 1586; x_wconf 89' lang='lat' dir='ltr'>Hunc</span> <span class='ocrx_word' id='word_1_65' title='bbox 343 1522 445 1587; x_wconf 84' lang='lat' dir='ltr'>laetum</span> <span class='ocrx_word' id='word_1_66' title='bbox 460 1522 626 1608; x_wconf 75' lang='lat' dir='ltr'>Tyriisque</span> <span class='ocrx_word' id='word_1_67' title='bbox 642 1521 724 1586; x_wconf 88' lang='lat' dir='ltr'>diem</span> <span class='ocrx_word' id='word_1_68' title='bbox 739 1521 896 1606; x_wconf 79' lang='lat' dir='ltr'>Trojaique</span> <span class='ocrx_word' id='word_1_69' title='bbox 909 1520 1057 1606; x_wconf 85' lang='lat' dir='ltr'>proiectis</span> 
     </span>
    </p>

    <p class='ocr_par' dir='ltr' id='par_1_10' title="bbox 231 1623 1057 1710">
     <span class='ocr_line' id='line_1_12' title="bbox 231 1623 1057 1710; baseline -0.006 -22"><span class='ocrx_word' id='word_1_70' title='bbox 231 1625 307 1688; x_wconf 84' lang='lat' dir='ltr'>Esse</span> <span class='ocrx_word' id='word_1_71' title='bbox 322 1624 408 1702; x_wconf 87' lang='lat' dir='ltr'>veiis,</span> <span class='ocrx_word' id='word_1_72' title='bbox 423 1638 602 1710; x_wconf 87' lang='lat' dir='ltr'>nostrosque</span> <span class='ocrx_word' id='word_1_73' title='bbox 617 1623 706 1709; x_wconf 90' lang='lat' dir='ltr'>hujus</span> <span class='ocrx_word' id='word_1_74' title='bbox 721 1623 892 1688; x_wconf 84' lang='lat' dir='ltr'>meminisse</span> <span class='ocrx_word' id='word_1_75' title='bbox 906 1623 1057 1686; x_wconf 84' lang='lat' dir='ltr'>minores:</span> 
     </span>
    </p>

    <p class='ocr_par' dir='ltr' id='par_1_11' title="bbox 232 1725 978 1806">
     <span class='ocr_line' id='line_1_13' title="bbox 232 1725 978 1806; baseline -0.005 -15"><span class='ocrx_word' id='word_1_76' title='bbox 232 1727 321 1792; x_wconf 78' lang='lat' dir='ltr'>Adsit</span> <span class='ocrx_word' id='word_1_77' title='bbox 335 1725 447 1791; x_wconf 74' lang='lat' dir='ltr'>laetitiae</span> <span class='ocrx_word' id='word_1_78' title='bbox 463 1727 607 1792; x_wconf 87' lang='lat' dir='ltr'>Bacchus</span> <span class='ocrx_word' id='word_1_79' title='bbox 620 1726 721 1806; x_wconf 91' lang='lat' dir='ltr'>dator,</span> <span class='ocrx_word' id='word_1_80' title='bbox 736 1740 767 1790; x_wconf 92' lang='lat' dir='ltr'>et</span> <span class='ocrx_word' id='word_1_81' title='bbox 781 1726 864 1792; x_wconf 89' lang='lat' dir='ltr'>bona</span> <span class='ocrx_word' id='word_1_82' title='bbox 877 1726 978 1788; x_wconf 81' lang='lat' dir='ltr'>Juno:</span> 
     </span>
    </p>

    <p class='ocr_par' dir='ltr' id='par_1_12' title="bbox 209 1827 1014 2011">
     <span class='ocr_line' id='line_1_14' title="bbox 230 1827 981 1915; baseline -0.005 -21"><span class='ocrx_word' id='word_1_83' title='bbox 230 1831 271 1894; x_wconf 87' lang='lat' dir='ltr'>Et</span> <span class='ocrx_word' id='word_1_84' title='bbox 286 1853 350 1908; x_wconf 88' lang='lat' dir='ltr'>vos,</span> <span class='ocrx_word' id='word_1_85' title='bbox 363 1852 392 1908; x_wconf 95' lang='lat' dir='ltr'>o,</span> <span class='ocrx_word' id='word_1_86' title='bbox 406 1843 529 1908; x_wconf 81' lang='lat' dir='ltr'>coetum,</span> <span class='ocrx_word' id='word_1_87' title='bbox 544 1829 645 1915; x_wconf 81' lang='lat' dir='ltr'>Tyrii,</span> <span class='ocrx_word' id='word_1_88' title='bbox 659 1827 817 1894; x_wconf 88' lang='lat' dir='ltr'>celebrate</span> <span class='ocrx_word' id='word_1_89' title='bbox 831 1829 981 1893; x_wconf 79' lang='lat' dir='ltr'>faventes.</span> 
     </span>
     <span class='ocr_line' id='line_1_15' title="bbox 209 1931 1014 2011; baseline -0.002 -15"><span class='ocrx_word' id='word_1_90' title='bbox 209 1941 212 1948; x_wconf 83' lang='grc'>’</span> <span class='ocrx_word' id='word_1_91' title='bbox 230 1933 329 2011; x_wconf 81' lang='lat' dir='ltr'>Dixit,</span> <span class='ocrx_word' id='word_1_92' title='bbox 344 1945 374 1996; x_wconf 89' lang='lat' dir='ltr'>et</span> <span class='ocrx_word' id='word_1_93' title='bbox 388 1932 419 1996; x_wconf 90' lang='lat' dir='ltr'>in</span> <span class='ocrx_word' id='word_1_94' title='bbox 433 1953 571 1998; x_wconf 86' lang='lat' dir='ltr'>mensam</span> <span class='ocrx_word' id='word_1_95' title='bbox 585 1933 711 1998; x_wconf 85' lang='lat' dir='ltr'>laticum</span> <span class='ocrx_word' id='word_1_96' title='bbox 726 1931 834 1998; x_wconf 88' lang='lat' dir='ltr'>libavit</span> <span class='ocrx_word' id='word_1_97' title='bbox 848 1931 1014 2008; x_wconf 71' lang='lat' dir='ltr'>honorem</span> 
     </span>
    </p>

    <p class='ocr_par' dir='ltr' id='par_1_13' title="bbox 233 2033 955 2121">
     <span class='ocr_line' id='line_1_16' title="bbox 233 2033 955 2121; baseline -0.007 -18"><span class='ocrx_word' id='word_1_98' title='bbox 233 2035 407 2120; x_wconf 88' lang='lat' dir='ltr'>Primaque,</span> <span class='ocrx_word' id='word_1_99' title='bbox 423 2033 529 2116; x_wconf 88' lang='lat' dir='ltr'>libato,</span> <span class='ocrx_word' id='word_1_100' title='bbox 543 2056 662 2100; x_wconf 84' lang='lat' dir='ltr'>summo</span> <span class='ocrx_word' id='word_1_101' title='bbox 676 2049 763 2100; x_wconf 86' lang='lat' dir='ltr'>tenus</span> <span class='ocrx_word' id='word_1_102' title='bbox 777 2035 877 2121; x_wconf 81' lang='lat' dir='ltr'>attigit</span> <span class='ocrx_word' id='word_1_103' title='bbox 889 2055 955 2100; x_wconf 75' lang='lat' dir='ltr'>ore·</span> 
     </span>
    </p>

    <p class='ocr_par' dir='ltr' id='par_1_14' title="bbox 231 2134 1075 2328">
     <span class='ocr_line' id='line_1_17' title="bbox 231 2134 1075 2224; baseline -0.005 -22"><span class='ocrx_word' id='word_1_104' title='bbox 231 2138 313 2204; x_wconf 87' lang='lat' dir='ltr'>Tum</span> <span class='ocrx_word' id='word_1_105' title='bbox 329 2138 417 2202; x_wconf 80' lang='lat' dir='ltr'>Bitiae</span> <span class='ocrx_word' id='word_1_106' title='bbox 432 2136 520 2204; x_wconf 86' lang='lat' dir='ltr'>dedit</span> <span class='ocrx_word' id='word_1_107' title='bbox 535 2137 739 2224; x_wconf 75' lang='lat' dir='ltr'>increpitans:</span> <span class='ocrx_word' id='word_1_108' title='bbox 763 2137 814 2202; x_wconf 88' lang='lat' dir='ltr'>ille</span> <span class='ocrx_word' id='word_1_109' title='bbox 830 2137 959 2222; x_wconf 77' lang='lat' dir='ltr'>impiger</span> <span class='ocrx_word' id='word_1_110' title='bbox 972 2134 1075 2200; x_wconf 84' lang='lat' dir='ltr'>hausit</span> 
     </span>
     <span class='ocr_line' id='line_1_18' title="bbox 232 2237 1033 2328; baseline -0.007 -22"><span class='ocrx_word' id='word_1_111' title='bbox 232 2243 431 2328; x_wconf 82' lang='lat' dir='ltr'>Spumantem</span> <span class='ocrx_word' id='word_1_112' title='bbox 446 2255 598 2325; x_wconf 83' lang='lat' dir='ltr'>pateram,</span> <span class='ocrx_word' id='word_1_113' title='bbox 612 2253 643 2304; x_wconf 87' lang='lat' dir='ltr'>et</span> <span class='ocrx_word' id='word_1_114' title='bbox 657 2239 749 2325; x_wconf 83' lang='lat' dir='ltr'>piano</span> <span class='ocrx_word' id='word_1_115' title='bbox 763 2261 797 2304; x_wconf 86' lang='lat' dir='ltr'>se</span> <span class='ocrx_word' id='word_1_116' title='bbox 811 2237 923 2324; x_wconf 76' lang='lat' dir='ltr'>proluit</span> <span class='ocrx_word' id='word_1_117' title='bbox 937 2257 1033 2302; x_wconf 87' lang='lat' dir='ltr'>auro:</span> 
     </span>
    </p>

    <p class='ocr_par' dir='ltr' id='par_1_15' title="bbox 233 2341 1258 2526">
     <span class='ocr_line' id='line_1_19' title="bbox 233 2341 1258 2427; baseline -0.005 -19"><span class='ocrx_word' id='word_1_118' title='bbox 233 2342 315 2422; x_wconf 77' lang='lat' dir='ltr'>Post,</span> <span class='ocrx_word' id='word_1_119' title='bbox 329 2343 382 2408; x_wconf 86' lang='lat' dir='ltr'>alii</span> <span class='ocrx_word' id='word_1_120' title='bbox 396 2363 551 2427; x_wconf 82' lang='lat' dir='ltr'>proceres.</span> <span class='ocrx_word' id='word_1_121' title='bbox 576 2341 706 2408; x_wconf 72' lang='lat' dir='ltr'>Cithara</span> <span class='ocrx_word' id='word_1_122' title='bbox 720 2342 845 2406; x_wconf 83' lang='lat' dir='ltr'>crinitus</span> <span class='ocrx_word' id='word_1_123' title='bbox 860 2341 951 2426; x_wconf 83' lang='lat' dir='ltr'>lopas</span> <span class='ocrx_word' id='word_1_124' title='bbox 1198 2344 1258 2403; x_wconf 79' lang='grc'>740</span> 
     </span>
     <span class='ocr_line' id='line_1_20' title="bbox 236 2441 992 2526; baseline -0.001 -18"><span class='ocrx_word' id='word_1_125' title='bbox 236 2445 385 2508; x_wconf 80' lang='lat' dir='ltr'>Personat</span> <span class='ocrx_word' id='word_1_126' title='bbox 400 2441 508 2506; x_wconf 67' lang='lat' dir='ltr'>aurati</span> <span class='ocrx_word' id='word_1_127' title='bbox 522 2441 628 2506; x_wconf 91' lang='lat' dir='ltr'>docuit</span> <span class='ocrx_word' id='word_1_128' title='bbox 642 2463 711 2526; x_wconf 79' lang='lat' dir='ltr'>quae</span> <span class='ocrx_word' id='word_1_129' title='bbox 725 2441 878 2506; x_wconf 84' lang='lat' dir='ltr'>maximus</span> <span class='ocrx_word' id='word_1_130' title='bbox 892 2442 992 2508; x_wconf 85' lang='lat' dir='ltr'>Atlas·</span> 
     </span>
    </p>

    <p class='ocr_par' dir='ltr' id='par_1_16' title="bbox 232 2542 996 2628">
     <span class='ocr_line' id='line_1_21' title="bbox 232 2542 996 2628; baseline -0.001 -17"><span class='ocrx_word' id='word_1_131' title='bbox 232 2546 297 2611; x_wconf 91' lang='lat' dir='ltr'>Hic</span> <span class='ocrx_word' id='word_1_132' title='bbox 311 2546 395 2610; x_wconf 88' lang='lat' dir='ltr'>canit</span> <span class='ocrx_word' id='word_1_133' title='bbox 408 2557 563 2608; x_wconf 84' lang='lat' dir='ltr'>errantem</span> <span class='ocrx_word' id='word_1_134' title='bbox 576 2542 689 2622; x_wconf 88' lang='lat' dir='ltr'>lunam,</span> <span class='ocrx_word' id='word_1_135' title='bbox 703 2543 836 2628; x_wconf 84' lang='lat' dir='ltr'>solisque</span> <span class='ocrx_word' id='word_1_136' title='bbox 850 2542 996 2625; x_wconf 76' lang='lat' dir='ltr'>labores3</span> 
     </span>
    </p>

    <p class='ocr_par' dir='ltr' id='par_1_17' title="bbox 232 2646 1217 2836">
     <span class='ocr_line' id='line_1_22' title="bbox 232 2646 1217 2734; baseline -0.003 -22"><span class='ocrx_word' id='word_1_137' title='bbox 232 2647 325 2712; x_wconf 86' lang='lat' dir='ltr'>Unde</span> <span class='ocrx_word' id='word_1_138' title='bbox 340 2647 496 2712; x_wconf 88' lang='lat' dir='ltr'>hominum</span> <span class='ocrx_word' id='word_1_139' title='bbox 510 2668 615 2732; x_wconf 86' lang='lat' dir='ltr'>genus,</span> <span class='ocrx_word' id='word_1_140' title='bbox 629 2659 660 2710; x_wconf 90' lang='lat' dir='ltr'>et</span> <span class='ocrx_word' id='word_1_141' title='bbox 676 2646 829 2731; x_wconf 72' lang='lat' dir='ltr'>pecudes,</span> <span class='ocrx_word' id='word_1_142' title='bbox 850 2647 932 2712; x_wconf 86' lang='lat' dir='ltr'>unde</span> <span class='ocrx_word' id='word_1_143' title='bbox 947 2647 1056 2727; x_wconf 85' lang='lat' dir='ltr'>imber,</span> <span class='ocrx_word' id='word_1_144' title='bbox 1070 2659 1102 2711; x_wconf 90' lang='lat' dir='ltr'>et</span> <span class='ocrx_word' id='word_1_145' title='bbox 1115 2647 1217 2734; x_wconf 60' lang='lat' dir='ltr'>ignem</span> 
     </span>
     <span class='ocr_line' id='line_1_23' title="bbox 233 2747 1142 2836; baseline 0 -20"><span class='ocrx_word' id='word_1_146' title='bbox 233 2753 408 2829; x_wconf 81' lang='lat' dir='ltr'>Arcturum,</span> <span class='ocrx_word' id='word_1_147' title='bbox 422 2747 602 2834; x_wconf 83' lang='lat' dir='ltr'>pluviasque</span> <span class='ocrx_word' id='word_1_148' title='bbox 618 2747 764 2834; x_wconf 83' lang='lat' dir='ltr'>Hyadas,</span> <span class='ocrx_word' id='word_1_149' title='bbox 778 2749 975 2836; x_wconf 83' lang='lat' dir='ltr'>geminosque</span> <span class='ocrx_word' id='word_1_150' title='bbox 990 2749 1142 2828; x_wconf 61' lang='lat' dir='ltr'>Trionem</span> 
     </span>
    </p>

    <p class='ocr_par' dir='ltr' id='par_1_18' title="bbox 233 2849 1261 3144">
     <span class='ocr_line' id='line_1_24' title="bbox 233 2849 1261 2936; baseline -0.004 -18"><span class='ocrx_word' id='word_1_151' title='bbox 233 2853 317 2936; x_wconf 86' lang='lat' dir='ltr'>Quid</span> <span class='ocrx_word' id='word_1_152' title='bbox 331 2849 448 2917; x_wconf 80' lang='lat' dir='ltr'>tantbm</span> <span class='ocrx_word' id='word_1_153' title='bbox 458 2871 576 2916; x_wconf 90' lang='lat' dir='ltr'>oceano</span> <span class='ocrx_word' id='word_1_154' title='bbox 590 2853 803 2936; x_wconf 76' lang='lat' dir='ltr'>properent&#39;se</span> <span class='ocrx_word' id='word_1_155' title='bbox 818 2853 934 2936; x_wconf 86' lang='lat' dir='ltr'>tingere</span> <span class='ocrx_word' id='word_1_156' title='bbox 948 2851 1030 2918; x_wconf 87' lang='lat' dir='ltr'>soles</span> <span class='ocrx_word' id='word_1_157' title='bbox 1199 2855 1261 2914; x_wconf 75' lang='lat'>745</span> 
     </span>
     <span class='ocr_line' id='line_1_25' title="bbox 235 2953 1138 3039; baseline -0.002 -18"><span class='ocrx_word' id='word_1_158' title='bbox 235 2956 381 3034; x_wconf 87' lang='lat' dir='ltr'>Hiberni,</span> <span class='ocrx_word' id='word_1_159' title='bbox 395 2953 446 3018; x_wconf 84' lang='lat' dir='ltr'>vel</span> <span class='ocrx_word' id='word_1_160' title='bbox 460 2975 529 3039; x_wconf 80' lang='lat' dir='ltr'>quae</span> <span class='ocrx_word' id='word_1_161' title='bbox 544 2953 640 3018; x_wconf 90' lang='lat' dir='ltr'>tardis</span> <span class='ocrx_word' id='word_1_162' title='bbox 654 2976 741 3020; x_wconf 88' lang='lat' dir='ltr'>mora</span> <span class='ocrx_word' id='word_1_163' title='bbox 756 2955 897 3020; x_wconf 88' lang='lat' dir='ltr'>noctibus</span> <span class='ocrx_word' id='word_1_164' title='bbox 911 2955 1023 3020; x_wconf 86' lang='lat' dir='ltr'>obstet.</span> <span class='ocrx_word' id='word_1_165' title='bbox 1135 2978 1138 2986; x_wconf 69' lang='lat'><strong><em>¹</em></strong></span> 
     </span>
     <span class='ocr_line' id='line_1_26' title="bbox 235 3055 1027 3144; baseline -0.003 -22"><span class='ocrx_word' id='word_1_166' title='bbox 235 3058 425 3144; x_wconf 85' lang='lat' dir='ltr'>ingeminant</span> <span class='ocrx_word' id='word_1_167' title='bbox 439 3055 549 3142; x_wconf 86' lang='lat' dir='ltr'>plausu</span> <span class='ocrx_word' id='word_1_168' title='bbox 563 3055 664 3144; x_wconf 86' lang='lat' dir='ltr'>Tyrii,</span> <span class='ocrx_word' id='word_1_169' title='bbox 679 3057 839 3144; x_wconf 78' lang='lat' dir='ltr'>Troiisque</span> <span class='ocrx_word' id='word_1_170' title='bbox 850 3069 1027 3143; x_wconf 87' lang='lat' dir='ltr'>sequuntur.</span> 
     </span>
    </p>

    <p class='ocr_par' dir='ltr' id='par_1_19' title="bbox 236 3159 975 3226">
     <span class='ocr_line' id='line_1_27' title="bbox 236 3159 975 3226; baseline -0.003 0"><span class='ocrx_word' id='word_1_171' title='bbox 236 3159 304 3226; x_wconf 88' lang='lat' dir='ltr'>Nec</span> <span class='ocrx_word' id='word_1_172' title='bbox 320 3182 380 3225; x_wconf 91' lang='lat' dir='ltr'>non</span> <span class='ocrx_word' id='word_1_173' title='bbox 395 3172 425 3224; x_wconf 91' lang='lat' dir='ltr'>et</span> <span class='ocrx_word' id='word_1_174' title='bbox 440 3159 527 3223; x_wconf 87' lang='lat' dir='ltr'>vario</span> <span class='ocrx_word' id='word_1_175' title='bbox 541 3171 663 3226; x_wconf 88' lang='lat' dir='ltr'>noctem</span> <span class='ocrx_word' id='word_1_176' title='bbox 677 3180 817 3226; x_wconf 87' lang='lat' dir='ltr'>sermone</span> <span class='ocrx_word' id='word_1_177' title='bbox 832 3160 975 3226; x_wconf 88' lang='lat' dir='ltr'>trahebat</span> 
     </span>
    </p>

    <p class='ocr_par' dir='ltr' id='par_1_20' title="bbox 237 3261 960 3348">
     <span class='ocr_line' id='line_1_28' title="bbox 237 3261 960 3348; baseline 0.001 -21"><span class='ocrx_word' id='word_1_178' title='bbox 237 3263 348 3328; x_wconf 75' lang='lat' dir='ltr'>infelix</span> <span class='ocrx_word' id='word_1_179' title='bbox 361 3262 457 3342; x_wconf 88' lang='lat' dir='ltr'>Dido,</span> <span class='ocrx_word' id='word_1_180' title='bbox 472 3263 654 3348; x_wconf 85' lang='lat' dir='ltr'>longumque</span> <span class='ocrx_word' id='word_1_181' title='bbox 670 3261 801 3328; x_wconf 87' lang='lat' dir='ltr'>bibebat</span> <span class='ocrx_word' id='word_1_182' title='bbox 814 3285 960 3343; x_wconf 85' lang='lat' dir='ltr'>amorem,</span> 
     </span>
    </p>

    <p class='ocr_par' dir='ltr' id='par_1_21' title="bbox 236 3365 1264 3554">
     <span class='ocr_line' id='line_1_29' title="bbox 236 3365 1264 3451; baseline -0.003 -21"><span class='ocrx_word' id='word_1_183' title='bbox 236 3365 337 3430; x_wconf 86' lang='lat' dir='ltr'>Multa</span> <span class='ocrx_word' id='word_1_184' title='bbox 348 3387 441 3450; x_wconf 90' lang='lat' dir='ltr'>super</span> <span class='ocrx_word' id='word_1_185' title='bbox 453 3365 574 3448; x_wconf 77' lang='lat' dir='ltr'>Priamo</span> <span class='ocrx_word' id='word_1_186' title='bbox 589 3365 733 3450; x_wconf 88' lang='lat' dir='ltr'>rogitans,</span> <span class='ocrx_word' id='word_1_187' title='bbox 747 3387 840 3451; x_wconf 89' lang='lat' dir='ltr'>super</span> <span class='ocrx_word' id='word_1_188' title='bbox 855 3365 995 3432; x_wconf 85' lang='lat' dir='ltr'>Hectore</span> <span class='ocrx_word' id='word_1_189' title='bbox 1008 3365 1121 3431; x_wconf 85' lang='lat' dir='ltr'>multa:</span> <span class='ocrx_word' id='word_1_190' title='bbox 1202 3369 1264 3428; x_wconf 81' lang='grc'>750</span> 
     </span>
     <span class='ocr_line' id='line_1_30' title="bbox 240 3468 979 3554; baseline 0.003 -22"><span class='ocrx_word' id='word_1_191' title='bbox 240 3469 341 3549; x_wconf 90' lang='lat' dir='ltr'>Nunc,</span> <span class='ocrx_word' id='word_1_192' title='bbox 356 3468 467 3554; x_wconf 91' lang='lat' dir='ltr'>quibus</span> <span class='ocrx_word' id='word_1_193' title='bbox 482 3469 611 3530; x_wconf 81' lang='lat' dir='ltr'>Aurorae</span> <span class='ocrx_word' id='word_1_194' title='bbox 626 3470 759 3533; x_wconf 88' lang='lat' dir='ltr'>venisset</span> <span class='ocrx_word' id='word_1_195' title='bbox 773 3469 852 3533; x_wconf 89' lang='lat' dir='ltr'>filius</span> <span class='ocrx_word' id='word_1_196' title='bbox 865 3469 979 3548; x_wconf 78' lang='lat' dir='ltr'>armis3</span> 
     </span>
    </p>

    <p class='ocr_par' dir='ltr' id='par_1_22' title="bbox 238 3567 1164 3762">
     <span class='ocr_line' id='line_1_31' title="bbox 238 3567 1164 3655; baseline 0 -19"><span class='ocrx_word' id='word_1_197' title='bbox 238 3569 339 3651; x_wconf 79' lang='lat' dir='ltr'>Nunc,</span> <span class='ocrx_word' id='word_1_198' title='bbox 354 3570 461 3655; x_wconf 89' lang='lat' dir='ltr'>quales</span> <span class='ocrx_word' id='word_1_199' title='bbox 476 3567 638 3632; x_wconf 87' lang='lat' dir='ltr'>Diomedis</span> <span class='ocrx_word' id='word_1_200' title='bbox 652 3569 743 3652; x_wconf 67' lang='lat' dir='ltr'>eqni,</span> <span class='ocrx_word' id='word_1_201' title='bbox 764 3591 854 3650; x_wconf 89' lang='lat' dir='ltr'>nunc,</span> <span class='ocrx_word' id='word_1_202' title='bbox 869 3583 1000 3654; x_wconf 86' lang='lat' dir='ltr'>quantus</span> <span class='ocrx_word' id='word_1_203' title='bbox 1014 3569 1164 3636; x_wconf 82' lang='lat' dir='ltr'>Achilles·</span> 
     </span>
     <span class='ocr_line' id='line_1_32' title="bbox 239 3669 1054 3762; baseline -0.004 -24"><span class='ocrx_word' id='word_1_204' title='bbox 239 3675 336 3738; x_wconf 90' lang='lat' dir='ltr'>Immo</span> <span class='ocrx_word' id='word_1_205' title='bbox 347 3695 415 3762; x_wconf 85' lang='lat' dir='ltr'>age,</span> <span class='ocrx_word' id='word_1_206' title='bbox 430 3686 461 3738; x_wconf 88' lang='lat' dir='ltr'>et</span> <span class='ocrx_word' id='word_1_207' title='bbox 475 3695 494 3737; x_wconf 87' lang='lat' dir='ltr'>a</span> <span class='ocrx_word' id='word_1_208' title='bbox 508 3671 607 3757; x_wconf 76' lang='lat' dir='ltr'>primis</span> <span class='ocrx_word' id='word_1_209' title='bbox 621 3669 683 3750; x_wconf 91' lang='lat' dir='ltr'>dic,</span> <span class='ocrx_word' id='word_1_210' title='bbox 698 3669 820 3756; x_wconf 86' lang='lat' dir='ltr'>hospes,</span> <span class='ocrx_word' id='word_1_211' title='bbox 834 3672 951 3758; x_wconf 79' lang='lat' dir='ltr'>origine</span> <span class='ocrx_word' id='word_1_212' title='bbox 965 3672 1054 3738; x_wconf 84' lang='lat' dir='ltr'>uobis</span> 
     </span>
    </p>

    <p class='ocr_par' dir='ltr' id='par_1_23' title="bbox 240 3771 1266 4050">
     <span class='ocr_line' id='line_1_33' title="bbox 240 3771 1062 3860; baseline -0.004 -21"><span class='ocrx_word' id='word_1_213' title='bbox 240 3775 379 3856; x_wconf 84' lang='lat' dir='ltr'>insidias,</span> <span class='ocrx_word' id='word_1_214' title='bbox 393 3777 499 3860; x_wconf 89' lang='lat' dir='ltr'>inquit,</span> <span class='ocrx_word' id='word_1_215' title='bbox 514 3773 836 3856; x_wconf 64' lang='lat' dir='ltr'>mansurumque</span> <span class='ocrx_word' id='word_1_216' title='bbox 851 3786 980 3851; x_wconf 86' lang='lat' dir='ltr'>tuorum,</span> <span class='ocrx_word' id='word_1_217' title='bbox 1056 3771 1062 3780; x_wconf 89' lang='lat'>&#39;</span> 
     </span>
     <span class='ocr_line' id='line_1_34' title="bbox 241 3874 1266 3963; baseline -0.003 -21"><span class='ocrx_word' id='word_1_218' title='bbox 241 3877 434 3962; x_wconf 88' lang='lat' dir='ltr'>Erroresque</span> <span class='ocrx_word' id='word_1_219' title='bbox 449 3892 533 3957; x_wconf 85' lang='lat' dir='ltr'>tuos;</span> <span class='ocrx_word' id='word_1_220' title='bbox 553 3897 625 3941; x_wconf 87' lang='lat' dir='ltr'>nem</span> <span class='ocrx_word' id='word_1_221' title='bbox 639 3888 669 3940; x_wconf 89' lang='lat' dir='ltr'>te</span> <span class='ocrx_word' id='word_1_222' title='bbox 679 3877 746 3963; x_wconf 87' lang='lat' dir='ltr'>jam</span> <span class='ocrx_word' id='word_1_223' title='bbox 760 3874 888 3957; x_wconf 83' lang='lat' dir='ltr'>septima</span> <span class='ocrx_word' id='word_1_224' title='bbox 901 3884 1004 3958; x_wconf 87' lang='lat' dir='ltr'>portat</span> <span class='ocrx_word' id='word_1_225' title='bbox 1206 3883 1266 3942; x_wconf 76' lang='grc'>756</span> 
     </span>
     <span class='ocr_line' id='line_1_35' title="bbox 241 3974 976 4050; baseline -0.011 -2"><span class='ocrx_word' id='word_1_226' title='bbox 241 3979 392 4050; x_wconf 81' lang='lat' dir='ltr'>Omnibus</span> <span class='ocrx_word' id='word_1_227' title='bbox 407 3993 561 4050; x_wconf 88' lang='lat' dir='ltr'>errantem</span> <span class='ocrx_word' id='word_1_228' title='bbox 574 3980 663 4048; x_wconf 83' lang='lat' dir='ltr'>terris</span> <span class='ocrx_word' id='word_1_229' title='bbox 676 3991 709 4043; x_wconf 89' lang='lat' dir='ltr'>et</span> <span class='ocrx_word' id='word_1_230' title='bbox 720 3974 862 4044; x_wconf 78' lang='lat' dir='ltr'>fiuctibus</span> <span class='ocrx_word' id='word_1_231' title='bbox 875 3985 976 4042; x_wconf 68' lang='lat' dir='ltr'>estas·</span> 
     </span>
    </p>
   </div>
   <div class='ocr_carea' id='block_1_3' title="bbox 0 0 1505 5132">
    <p class='ocr_par' dir='ltr' id='par_1_24' title="bbox 0 0 1505 5132">
     <span class='ocr_line' id='line_1_36' title="bbox 0 0 1505 5132; baseline 0 0"><span class='ocrx_word' id='word_1_232' title='bbox 0 0 1505 5132; x_wconf 95' lang='lat' dir='ltr'> </span> 
     </span>
    </p>
   </div>
  </div>
 </body>
</html>
