2914 5130
673 497 790 562 unna
810 499 872 565 Vll.

261 654 382 720 Cervus
398 665 466 718 erat
480 649 581 718 sormi
595 653 756 736 prestanti
771 663 801 714 et
815 649 962 716 cornibus
977 651 1102 738 iugeua3
1123 645 1125 650 ’

261 755 432 843 Tyn-hidre
448 758 538 841 pueri
555 774 647 838 quam
664 757 772 818 matris
787 752 828 818 ab
843 753 941 818 ubere
956 767 1079 840 raptum

234 879 241 893 ·
259 859 439 939 Nutribant,
453 858 681 944 Tyrrhenaque
696 869 795 942 pater,
809 857 860 922 cui
873 860 961 943 regia
975 869 1088 944 parent
1170 931 1178 940 Ι

260 963 419 1040 Armenta,
434 974 465 1024 et
480 960 542 1028 tate
557 959 699 1026 custodia
713 957 835 1026 credita
850 963 966 1049 campi.

258 1065 425 1128 Assuetum
441 1067 581 1150 imperiis
595 1083 684 1128 soror
698 1062 781 1128 omni
797 1062 895 1127 Silvia
909 1060 986 1126 curi

258 1166 408 1231 Mollibus
423 1167 564 1231 intexens
578 1165 711 1232 ornabat
726 1186 845 1232 cornua
856 1165 956 1246 sertis,

258 1267 473 1353 Pectebatque
488 1268 597 1346 serum,
611 1287 752 1353 puroque
769 1270 800 1332 in
815 1267 899 1332 sonte
914 1266 1054 1332 lavabat.

257 1367 323 1449 Ille,
339 1391 464 1434 manum
479 1373 611 1455 patiens,
625 1389 799 1454 menseque
815 1381 954 1434 assuetus
969 1367 1070 1450 herili,

257 1471 396 1536 Errabat
410 1473 506 1552 silvis,
520 1493 689 1557 rursusque
704 1472 746 1536 ad
762 1471 868 1536 limina
883 1484 956 1538 nota

256 1573 327 1660 lpse
342 1574 469 1640 domum
483 1573 555 1638 seri
569 1575 711 1660 quamvis
728 1596 762 1638 se
778 1587 867 1640 nocte
882 1575 1017 1641 ferebat.

256 1678 354 1742 Hunc
369 1677 479 1765 procul
494 1693 649 1744 errantem
664 1676 785 1778 rpbidae
802 1679 941 1744 venantis
957 1679 1016 1744 liili

256 1779 465 1846 commovere
480 1803 586 1862 canes,
600 1781 695 1847 fluvio
710 1805 804 1866 quum
818 1783 898 1848 forti
913 1783 1050 1849 secundo

254 1881 428 1962 Deflueret,
443 1884 574 1970 ripaque
589 1897 682 1951 aestus
697 1883 853 1952 viridante
869 1883 1000 1953 levaret.

257 1985 327 2072 lpse
341 1990 446 2066 etiam,
461 1990 586 2054 eximia
601 1987 703 2052 laudis
718 2008 884 2052 succensus
899 2009 1014 2069 amore,

255 2090 410 2152 Ascanius
424 2111 521 2154 curvo
535 2087 652 2156 direxit
666 2087 788 2176 spicula
802 2109 916 2154 cornu:

255 2187 322 2254 Nec
337 2189 455 2258 dextre
470 2191 586 2256 erranti
600 2189 679 2256 deus
693 2189 812 2269 abluit3
835 2202 968 2276 actaque
982 2189 1081 2262 multo

257 2291 378 2376 Perque
393 2307 514 2360 uterum
528 2297 629 2358 sonitu
644 2315 763 2379 perque
778 2291 834 2358 ilia
849 2298 934 2358 venit
948 2294 1079 2360 arundo.

254 2395 387 2476 Saucius
400 2409 433 2462 at
447 2395 625 2482 quadrupes
639 2409 711 2460 nota
726 2399 808 2460 intra
823 2408 907 2460 tecta
921 2397 1044 2482 refugit,

255 2496 470 2583 successitque
484 2519 611 2583 gemens
626 2496 775 2576 stabulis3
797 2511 979 2584 questuque,
993 2512 1149 2582 cruentus,

253 2598 356 2683 Atque
372 2600 547 2685 imploranti
561 2599 681 2679 similis,
696 2612 811 2664 tectum
826 2622 916 2668 omne
931 2601 1086 2686 replebat.

254 2700 349 2766 Silvia
364 2703 463 2788 prima
478 2725 574 2783 soror,
588 2701 699 2788 palmis
714 2725 863 2788 percussa
880 2703 1025 2788 lacertos,

253 2804 411 2870 Auxilium
425 2821 528 2886 vocat,
543 2821 574 2870 et
588 2805 682 2872 duros
697 2805 872 2874 conclamat
887 2821 1035 2894 agrestas.

250 2905 317 2974 Olli
331 2907 448 2992 (pestis
462 2910 544 2974 enim
559 2911 663 2974 tacitis
678 2907 754 2974 latet
768 2929 881 2996 aspera
896 2909 1002 2994 silvis)

251 3007 415 3093 improvisi
430 3009 562 3090 adsunt3
584 3009 636 3076 hic
652 3023 735 3076 torre
751 3025 887 3076 armatus
902 3012 1023 3094 obusto,

251 3115 370 3196 Stipitis
385 3112 435 3179 hic
450 3113 572 3200 gravidi
587 3113 694 3178 nodis:
718 3111 803 3198 quod
818 3116 930 3198 cuique
946 3127 1104 3200 repertum

250 3217 398 3296 Rimanti,
412 3217 506 3284 telum
520 3219 569 3282 ira
583 3217 668 3282 lacit.
712 3217 819 3282 Vocat
834 3218 957 3304 agmina
972 3217 1148 3304 Tyrrhena,

248 3319 466 3403 Quadrifidam
481 3340 630 3404 quercum
644 3321 753 3384 cuneis
768 3332 801 3382 ut
814 3319 895 3386 lortd
911 3319 1029 3386 coactis

246 3422 431 3502 Scindebat,
445 3421 536 3508 rapti
550 3422 673 3508 spirans
688 3422 822 3487 immand
838 3423 950 3488 securi.

247 3529 290 3592 At
304 3548 387 3591 ateva
402 3548 421 3591 e
435 3526 569 3612 speculis
583 3539 704 3612 tempus
719 3525 780 3592 dea
795 3541 889 3594 nacta
903 3526 1037 3594 nocendi

247 3629 357 3695 Ardua
371 3643 453 3696 tecta
467 3631 544 3718 petit
559 3627 681 3708 stabuli,
696 3643 726 3694 et
741 3629 781 3696 de
795 3631 930 3696 culmine
950 3651 1069 3698 summo

247 3731 408 3798 Pastorale
422 3736 508 3798 canit
521 3733 650 3818 signum,
664 3753 823 3819 cornuque
838 3755 972 3798 recurvo

244 3833 432 3899 Tartaream
447 3833 576 3900 intendit
590 3855 718 3913 vocem3
740 3833 801 3919 qud
816 3847 963 3920 protenus
977 3855 1069 3902 omne

242 3933 442 4001 Contremuit
456 3957 574 4016 nemus,
588 3949 620 4000 et
633 3935 717 4002 silva
732 3935 892 4002 intonuere
907 3937 1079 4022 profundae.

242 4037 353 4102 Audiit
366 4051 397 4104 et
411 4039 529 4106 Triviae
545 4036 635 4126 longd
651 4037 758 4118 lacus;
780 4035 879 4104 audiit
893 4040 991 4104 amnis

242 4137 388 4208 Suliurei
401 4141 470 4210 Nar
484 4141 574 4208 albus
589 4139 681 4228 aquei,
695 4141 857 4225 sontesque
872 4141 979 4212 Velini
991 4168 1000 4222 ς

556 4247 668 4352 33Ι
