2978 5124
657 505 774 568 utum
793 507 843 568 tx.

250 665 385 734 intendit
398 665 503 745 telum,
517 664 707 750 diversoque
720 665 853 732 brechia
866 665 985 732 ducem

248 769 403 851 Constitit,
416 769 489 834 antri
503 770 614 835 Jovem
629 769 761 856 supplex
775 785 920 856 perroto
935 783 1099 856 precatum

244 871 368 958 Jupiter
381 873 585 956 omnipotens,
599 871 772 938 audacibus
786 895 887 938 annue
901 877 1032 958 coeptie:

247 975 317 1062 lpse
333 976 391 1040 tibi
407 974 448 1040 ad
463 987 516 1040 tua
530 974 645 1061 templu
659 976 758 1040 ferum
773 975 923 1040 solemnio
938 975 1041 1056 doua3

246 1077 287 1142 Et
301 1091 434 1142 statuam
449 1091 521 1143 unte
536 1099 607 1143 ores
622 1077 732 1143 aurato
746 1080 846 1144 tronto
856 1081 1025 1164 juvencum

245 1179 452 1259 Gaudentem,
466 1184 646 1266 pariterque
659 1193 754 1266 ceput
768 1201 838 1246 cum
853 1193 951 1246 matre
965 1182 1125 1260 terentem,

244 1280 337 1365 [Jaru
352 1304 449 1347 cornu
463 1295 550 1368 petat
564 1295 595 1346 et
609 1281 744 1368 pedibue
757 1283 812 1366 qui
825 1295 952 1368 spargat
966 1281 1126 1368 arerem]

243 1384 355 1450 Audiit
369 1397 401 1448 et
414 1383 486 1448 ooeli
500 1387 621 1469 genitor
635 1382 676 1448 de
690 1397 780 1470 pmte
795 1382 905 1448 serenti

245 1487 380 1552 Intonuit
396 1486 526 1550 laevtim:
550 1499 639 1552 sonat
653 1487 714 1552 uod
729 1488 834 1552 lotifer
849 1507 952 1550 arcus.

245 1588 361 1676 Effugit
376 1586 565 1654 horrendum
580 1587 714 1654 stridens
729 1587 864 1654 adducta
881 1590 1003 1674 sagitte,

244 1691 369 1776 Perque
384 1705 478 1776 caput
493 1689 618 1756 Remuli
632 1691 724 1772 venit,
738 1705 769 1756 et
783 1713 862 1756 cova
876 1705 1016 1776 tempora
1030 1691 1114 1756 ferro

243 1795 389 1882 Trajicit.
434 1795 457 1874 1,
471 1795 579 1860 verbis
594 1795 738 1860 virtutem
751 1794 848 1862 illude
862 1795 1017 1880 superbis.

244 1896 301 1961 Bis
315 1898 400 1982 capti
417 1897 559 1982 Phryges
574 1898 643 1962 haec
659 1897 781 1962 Rutulis
795 1920 945 1986 respousa
958 1899 1127 1967 remittunt·

244 1999 318 2062 Hoc
334 1997 452 2064 tentrim
466 2000 630 2064 Aeantion
673 1999 790 2064 Teucri
803 1999 940 2066 clamore
955 2015 1134 2084 sequuntur,
1228 2069 1231 2074 Δ

245 2101 433 2186 Laetitidque
448 2102 592 2180 fremunt,
605 2101 785 2186 animosque
800 2103 841 2168 ad
856 2101 961 2168 sidera
975 2099 1097 2168 tollunt.

287 2203 429 2268 AEtherii
442 2217 505 2268 tum
515 2197 600 2268 'forte
613 2202 707 2290 plegii
721 2206 848 2270 crinitus
862 2204 975 2290 Apollo

242 2305 391 2392 Desuper
404 2309 558 2372 Ausoniae
573 2310 658 2372 ecies
672 2307 844 2392 urbemque
859 2306 997 2385 videbat,

241 2409 338 2476 Nube
353 2409 484 2490 sedens3
506 2424 600 2495 utque
615 2409 664 2474 his
678 2412 829 2477 victorem
842 2409 955 2476 affatur
969 2409 1087 2478 liilum:

243 2511 352 2577 Macte
366 2512 447 2578 novi
460 2516 584 2592 virtute,
597 2534 697 2598 puer;
717 2514 762 2578 sic
776 2516 839 2578 itur
853 2512 894 2578 ed
909 2525 1003 2592 ostro,

243 2613 308 2680 Dis
321 2617 434 2700 genite,
448 2626 480 2678 et
493 2614 632 2700 geniture
647 2613 742 2678 deos:
759 2613 832 2698 jure
846 2618 951 2680 omuia
964 2613 1051 2680 belle

239 2717 345 2781 Gente
360 2717 418 2782 sub
433 2719 580 2782 Assaraci
593 2719 658 2782 into
673 2731 805 2784 venturu
818 2717 979 2784 resident:

238 2819 312 2886 Nec
326 2833 357 2884 te
371 2819 469 2905 Troja
483 2825 578 2906 cepit.
622 2820 718 2886 Simul
733 2821 800 2884 haec
815 2819 936 2902 effatus,
948 2821 992 2892 ,ab
1007 2820 1069 2888 alto

240 2921 373 2989 AEthere
388 2944 422 2986 se
436 2922 535 3001 mittit,
549 2923 701 3006 spuentes
716 2921 854 2986 dimovet
868 2943 972 3003 eurus,

233 3025 474 3110 ¹Ascaniumque
488 3024 584 3108 petitr
606 3025 738 3088 formam
753 3037 817 3088 tum
831 3028 962 3090 vertitur
975 3029 1039 3090 oris

240 3129 414 3212 Antiquum
428 3130 459 3190 in
475 3127 587 3192 Buten.
631 3125 695 3192 Hic
710 3125 876 3194 Dardanio
889 3128 1036 3196 Anchise

238 3231 388 3316 Armiger
402 3229 474 3293 aute
489 3229 554 3310 tuit,
569 3229 710 3314 fidusque
725 3228 765 3294 ad
782 3229 889 3296 limina
903 3243 1024 3312 cuetoe3

239 3331 325 3400 Tum
338 3335 484 3398 comitem
499 3336 637 3398 Ascanio
649 3345 740 3418 pater
753 3332 887 3400 eddidit.
931 3334 1001 3400 lbet
1014 3332 1128 3420 Apollo

234 3433 359 3500 Omnia
371 3435 512 3522 long-evo
525 3435 644 3515 similis,
658 3455 839 3520 vocemque,
852 3435 1062 3523 coloremque,

238 3539 284 3605 Et
298 3539 400 3604 crines
415 3539 515 3619 albos,
528 3552 560 3603 et
572 3561 658 3604 eaeva
672 3541 835 3606 sonoribus
849 3561 957 3620 erme;

238 3645 345 3729 Atque
360 3642 409 3706 his
423 3641 584 3708 ardentem
598 3639 690 3708 dictis
705 3643 817 3710 ellatur
831 3644 949 3710 liilum:

237 3748 288 3812 Sit
302 3748 387 3828 eatis,
400 3743 555 3828 AEueado,
569 3747 638 3812 telis
652 3749 778 3834 impune
793 3748 969 3812 Numanum

236 3854 420 3940 Oppetiisee
433 3855 515 3916 tuis:
537 3857 670 3938 primam
686 3855 767 3919 hanc
781 3853 839 3918 tibi
854 3873 983 3938 maguus
997 3849 1111 3938 Apollo

234 3955 398 4022 Concedit
411 3953 547 4036 laudem,
561 3971 592 4020 et
605 3957 736 4042 peribus
750 3979 811 4020 non
827 3954 946 4020 inridet
961 3960 1066 4020 armie.

235 4059 367 4124 Cetera
382 4079 490 4144 parce,
503 4079 592 4145 puer,
606 4059 702 4124 bello.
747 4059 799 4122 Sic
813 4077 902 4122 orsus
916 4056 1031 4143 Apollo

238 4161 394 4230 Mortales
407 4159 513 4226 medio
525 4161 693 4248 adspectus
705 4181 848 4230 sermone
859 4160 997 4248 reliquit,
