2978 5124
217 467 275 522 386
661 465 852 526 AENEIDOS

260 619 366 687 AEneae
381 621 477 688 subiit
492 643 681 704 mucronem,
696 623 856 708 ipsumque
871 623 1022 690 morando

260 727 425 794 Sustinuit:
449 728 526 792 socii
540 749 652 814 magno
667 727 804 792 clamore
819 741 997 810 sequuntur,

258 828 343 894 Dum
357 833 479 916 genitor
493 833 558 894 nati
572 829 681 915 parma
696 843 854 915 protectus
869 831 990 911 abiret3

258 931 401 1015 Telaque
416 935 594 1018 conjiciunt,
609 932 855 1017 proturbantque
871 936 990 998 eminus
1006 933 1127 999 hostem

258 1035 448 1101 Missilibus:
472 1037 546 1109 surit
560 1033 688 1116 AEneas,
704 1047 865 1118 tectusque
881 1051 965 1102 tenet
979 1059 1025 1103 se.

258 1143 306 1205 Ac
321 1140 406 1205 velut
420 1139 515 1204 effusi
530 1143 556 1203 si
572 1139 697 1226 quando
711 1139 863 1224 grandine
878 1142 976 1206 nimbi

258 1243 468 1330 Praecipitant,
482 1245 582 1308 omnis
597 1246 716 1328 campis
732 1241 852 1330 diffugit
866 1258 981 1326 arator,

139 1427 143 1442 Ι
257 1347 367 1411 Omnis
382 1343 413 1410 et
427 1345 575 1433 agricola,
589 1358 621 1410 et
637 1345 700 1410 tuti
715 1345 790 1411 latet
804 1368 879 1412 arce
894 1352 1006 1428 viator,

257 1451 321 1514 Aut
335 1452 433 1513 amnis
449 1449 533 1534 ripis,
548 1462 600 1512 aut
615 1449 669 1512 alti
684 1449 802 1515 fornice
818 1452 896 1531 saxi,

256 1551 341 1616 Dum
357 1550 435 1636 pluit
449 1552 480 1616 in
496 1551 596 1630 terris,
612 1565 645 1616 ut
658 1555 787 1636 possint,
802 1553 868 1618 sole
882 1551 1022 1633 reducto,

258 1655 417 1720 Exercere
433 1653 536 1718 diem:
559 1655 603 1718 sic
617 1655 746 1718 obrutus
760 1654 897 1741 undique
912 1655 981 1720 telis

255 1757 374 1824 AEneas
389 1759 503 1822 nubem
519 1756 604 1838 belli,
619 1755 693 1822 dum
709 1757 844 1837 detonet,
858 1781 982 1824 omnem

257 1863 402 1942 Sustinet,
417 1874 448 1924 et
462 1859 598 1924 Lausum
613 1861 789 1944 increpitat,
804 1860 972 1946 Lausoque
987 1859 1139 1926 minatur:

255 1966 336 2048 Qud,
351 1966 505 2044 moriture,
520 1963 604 2026 ruisi
625 1965 807 2050 majoraque
823 1965 943 2028 viribus
959 1963 1077 2028 audes?

256 2068 350 2134 Fallit
365 2081 395 2132 te
410 2068 567 2132 incautum
582 2070 682 2151 pietas
697 2080 761 2132 tua.
805 2067 874 2132 Nec
890 2063 988 2132 minirs
1003 2065 1056 2131 ille

256 2171 399 2237 Exsultat
414 2170 560 2235 demens:
584 2191 672 2234 saevae
683 2171 813 2256 jamque
829 2167 919 2234 altiirs
934 2173 991 2234 irae

254 2275 419 2341 Dardanio
434 2287 562 2359 snrgunt
575 2271 708 2352 ductori,
723 2285 924 2356 extremaque
940 2273 1044 2338 Lauso

257 2379 364 2444 Parcae
381 2376 432 2441 fila
447 2376 568 2462 legunt3
590 2374 728 2440 validum
744 2397 877 2457 namque
892 2375 989 2461 exigit
1003 2395 1109 2440 ensem

255 2483 316 2549 Per
330 2480 464 2545 medium
480 2477 594 2542 AEneas
604 2480 761 2564 juvenem,
776 2491 934 2562 totumque
948 2470 1101 2544 recondit.

253 2585 394 2648 Transiit
408 2595 438 2646 et
453 2602 594 2666 parmam
609 2603 726 2660 mucro,
741 2580 824 2646 levia
839 2602 926 2646 arma
941 2583 1081 2662 minacis,

254 2687 295 2752 Et
310 2685 454 2762 tunicam,
468 2683 554 2748 molli
569 2695 669 2748 mater
683 2704 776 2765 quam
791 2698 921 2749 neverat
936 2705 1032 2764 auro;

252 2788 459 2874 Implevitque
473 2786 571 2850 sinum
587 2789 730 2870 sanguis:
754 2801 817 2850 turn
832 2787 894 2850 vita
908 2808 966 2872 per
980 2807 1073 2852 auras

229 2909 239 2944 ·'
252 2891 417 2958 Concessit
432 2902 539 2954 moesta
556 2889 596 2954 ad
614 2891 731 2969 Manes,
746 2911 921 2976 corpusque
936 2891 1072 2976 reliquit.

295 2999 337 3058 At
351 2991 427 3058 vero
442 3004 474 3056 ut
489 2990 604 3054 vultum
620 2989 699 3055 vidit
714 2995 872 3058 morientis
888 3008 918 3058 et
932 3015 998 3074 ora,

251 3099 318 3162 Ora
333 3095 442 3175 modis,
456 3093 672 3173 Anchisiades»,
686 3093 834 3180 pallentia
849 3100 945 3178 miris,

251 3201 403 3287 ingemuit
418 3201 568 3262 miserans
581 3198 727 3282 graviter,
742 3197 947 3284 dextramque
963 3203 1106 3284 tetendit3

252 3303 292 3368 Et
307 3315 441 3367 mentem
455 3303 562 3386 patrie
579 3300 672 3364 subiit
687 3301 809 3384 pietatis
824 3305 927 3389 imago
942 3327 950 3368 ε

250 3405 335 3489 Quid
350 3405 407 3468 tibi
421 3426 510 3483 nunc,
525 3401 699 3468 miserande
714 3424 801 3487 puer,
816 3425 873 3488 pro
889 3403 1031 3470 laudibus
1045 3406 1120 3489 istis,

249 3505 334 3591 Quid
349 3507 418 3592 pius
432 3503 550 3570 AEneas
565 3503 649 3568 tantis
663 3502 752 3569 dabit
766 3503 870 3570 indole
885 3505 1033 3592 dignumt
1106 3583 1110 3592 .

248 3615 358 3691 Arma,
373 3611 484 3694 quibus
499 3609 628 3688 letatus,
643 3609 726 3674 habe
741 3623 814 3688 tua;
836 3625 927 3694 teque
947 3612 1113 3697 parenttim

249 3716 396 3780 Manibus
412 3727 443 3779 et
456 3713 562 3792 cineri,
577 3716 603 3777 si
619 3733 680 3795 qua
696 3725 743 3777 est
757 3733 794 3778 ea
809 3735 896 3793 cura,
911 3718 1047 3780 remitto.

249 3821 323 3885 Hoc
338 3833 440 3883 tamen
456 3816 563 3882 infelix
578 3820 723 3882 miseram
737 3814 881 3882 solabere
896 3833 1047 3900 mortem3

249 3921 355 3986 AEneae
371 3919 474 4005 magni
488 3918 600 3984 dextra
613 3919 712 3984 cadis.
756 3919 900 4004 lncrepat
914 3920 995 3985 ultro

247 4023 439 4088 Cunctantes
453 4023 563 4104 socios,
578 4035 608 4087 et
623 4023 707 4088 terrd
721 4021 865 4088 sublevat
879 4025 990 4108 ipsum,

249 4127 402 4212 Sanguine
418 4137 592 4212 turpantem
606 4141 746 4212 comptos
760 4124 801 4192 de
814 4145 901 4192 more
915 4125 1057 4211 capillos.
1077 4164 1082 4174 ι
