2936 5122
176 547 236 604 36⁴
625 543 814 604 meinos

224 693 353 760 Sidera:
376 693 500 784 dejectis
513 692 671 760 crudescit
685 715 789 782 pugna
803 691 950 758 Camilli.

223 801 385 864 incurrunt
399 797 488 862 densi
502 795 594 863 simul
608 799 707 862 omnis
721 797 812 883 copis
827 793 994 874 Teuordm,

222 903 445 990 Tyrrhenique
459 900 566 982 duces,
580 899 780 985 Evandrique
795 899 937 965 Arcades
955 897 1024 962 ale.
1195 902 1260 962 835

222 1009 264 1070 At
278 1005 396 1070 Triviae
410 1017 513 1070 custos
523 1006 591 1088 jam
605 1001 723 1067 dudum
737 1004 769 1066 in
783 1003 939 1067 montibus
953 1001 1032 1085 Opis

222 1104 295 1172 Alta
310 1106 399 1172 sedet
412 1107 547 1185 summis,
561 1117 744 1190 spectatque
759 1104 898 1168 interrita
915 1123 1046 1190 pugnas.

223 1209 328 1296 thue
342 1209 451 1296 procul
466 1208 569 1274 medio
579 1210 728 1294 juvenum
743 1207 773 1270 in
787 1205 925 1270 clamore
939 1205 1096 1272 torentem

223 1313 385 1396 Prospexit
400 1312 480 1376 tristi
494 1309 654 1376 multatam
668 1321 767 1374 morte
782 1307 970 1388 Camillamq

221 1416 443 1500 ingemuitque,
457 1412 608 1498 deditque
623 1412 756 1476 hasimo
771 1424 898 1496 pectore
913 1429 1025 1476 vocest
1196 1415 1262 1474 tto

221 1517 315 1581 Heu!
338 1514 475 1596 nimidm,
489 1518 588 1601 virgo,
602 1511 729 1578 nimitim
742 1511 871 1578 crudele
885 1512 970 1578 luisti

222 1619 426 1706 Supplicium,
440 1619 582 1684 Teucros
595 1631 708 1682 conata
723 1616 879 1682 lacessere
895 1613 999 1680 bello!

222 1722 290 1787 Nec
306 1724 362 1786 tibi
378 1720 511 1786 desertae
526 1720 556 1784 in
571 1717 672 1784 dumis
687 1718 821 1783 coluisse
836 1717 975 1784 Dianam

224 1824 352 1904 Profuit,
367 1836 421 1888 aut
434 1834 554 1886 nostras
569 1821 698 1886 humero
711 1825 844 1908 gessisse
858 1822 1035 1908 pharetras·

223 1929 294 1994 Nori
309 1943 412 1992 tamen
427 1925 606 1992 indecorem
622 1941 675 1992 tna
690 1940 720 1992 te
736 1931 845 2014 regins
858 1927 986 2012 reliquit
1201 1931 1264 1990 eto

224 2029 374 2098 Extremi
384 2031 452 2116 jam
467 2032 499 2094 in
514 2041 630 2094 morte:
654 2052 755 2115 neque
770 2028 829 2096 ltoc
844 2035 911 2096 sine
925 2033 1052 2096 nomine
1065 2029 1160 2096 letum

224 2133 285 2198 Per
298 2147 406 2220 gentes
421 2136 489 2211 erit,
504 2145 557 2198 aut
571 2134 686 2199 samam
699 2131 830 2218 patieris
849 2133 965 2198 inultm.

225 2236 306 2301 Nam
321 2239 509 2322 quicumque
526 2249 611 2301 tuum
625 2235 753 2300 violavit
768 2233 897 2300 vulnere
911 2257 1036 2322 corpus,

224 2339 328 2406 Morte
343 2339 406 2404 luet
421 2337 543 2404 meriti.
587 2339 658 2402 Fuit
672 2341 780 2424 ingens
794 2353 898 2404 monte
913 2340 972 2404 snb
987 2340 1051 2404 olto

226 2441 322 2528 Regis
337 2439 496 2504 Dercenni
511 2452 635 2505 terreno
650 2462 690 2504 ex
705 2461 820 2526 aggere
836 2441 958 2508 bustum
1204 2447 1266 2506 860

227 2545 353 2627 Antiqui
368 2543 544 2624 Laurentis,
558 2541 720 2628 opacique
735 2543 808 2608 ilice
823 2558 956 2610 tectums

227 2647 293 2714 Hic
308 2646 370 2712 dee
384 2669 418 2712 se
432 2643 567 2732 primirm
582 2645 693 2730 rapido
708 2645 920 2732 pulcherrime
934 2651 1004 2714 nisu

227 2751 322 2831 Sistit,
337 2763 369 2814 et
383 2752 549 2814 Arruntem
564 2747 679 2814 tumulo
693 2749 872 2834 speculetur
886 2751 928 2816 ab
943 2751 1017 2818 alto.

229 2853 273 2918 Ut
287 2853 364 2918 vidit
379 2849 545 2940 fulgentem
559 2855 654 2916 mmis
669 2874 707 2918 ac
723 2875 803 2919 vana
818 2867 1002 2920 tumentem:

227 2955 305 3036 Cur,
318 2957 427 3041 inquit,
440 2953 582 3018 diversus
595 2953 683 3018 abisl
705 2955 767 3020 huc
781 2955 1047 3044 dirigegtessum,
1203 2963 1267 3022 8⁵⁵

230 3059 305 3123 Huc
319 3058 454 3144 periture
470 3060 559 3122 veni:
581 3061 688 3143 capias
703 3073 736 3124 ut
750 3057 843 3144 digne
858 3057 1002 3126 Camillae

230 3161 371 3241 Praemia‚
386 3173 481 3246 tuque
496 3163 590 3225 etiam
606 3161 676 3226 telis
691 3159 826 3226 moriere
840 3161 965 3228 Diauae.

229 3264 330 3344 Dixit,
346 3277 376 3328 et
391 3262 501 3328 aurati
514 3262 673 3330 volucrem
688 3265 840 3330 Threissa
854 3269 997 3352 sagittam

228 3367 433 3454 Deprompsit
447 3367 603 3453 pharetris,
617 3389 776 3454 cornuque
790 3369 911 3435 insensa
926 3371 1067 3452 tetendit,

231 3471 272 3534 Et
286 3469 374 3535 duxit
388 3468 489 3554 longe,
503 3469 604 3536 donec
618 3485 749 3536 curvate
763 3475 893 3538 coirent
1204 3473 1269 3536 8⁶0

233 3573 316 3636 luter
331 3593 364 3634 se
378 3574 494 3656 capita,
508 3585 539 3636 et
553 3573 695 3638 manibus
705 3575 772 3660 jam
786 3587 928 3661 tangeret
947 3579 1055 3661 equis,

232 3673 331 3740 Laeva
346 3673 447 3738 aciem
460 3673 546 3754 ferri,
560 3673 672 3740 dextri
686 3695 845 3760 nervoque
859 3677 1019 3763 papillam.

234 3775 401 3862 Extemplo
419 3774 473 3842 teli
487 3775 651 3842 stridorem
665 3799 820 3862 auresque
834 3794 979 3846 sonantes

236 3879 343 3944 Audiit
357 3878 417 3944 unit
431 3883 559 3960 Arruns,
574 3880 722 3965 htesitqne
736 3881 768 3946 in
781 3903 915 3967 oorpore
928 3886 1055 3952 serrum·

236 3980 325 4046 lllum
340 3979 550 4065 exspirantem
563 3983 641 4048 socii
656 3997 749 4069 atque
764 3995 905 4050 extrema
918 3999 1092 4072 gementem

235 4087 334 4152 Obliti
348 4087 449 4174 ignoto
463 4109 644 4175 camporum
658 4094 689 4156 in
703 4089 832 4178 pulvere
846 4091 1005 4180 linquunt:

235 4189 313 4276 Opis
329 4187 370 4254 ad
384 4187 545 4256 etherium
558 4191 668 4274 pennis
681 4194 819 4262 suiernu
833 4195 1013 4283 olympm.
