2978 5124
662 493 780 584 maan
798 521 876 582 vm.

270 679 360 745 Pellis
374 680 440 745 ubit
455 692 562 760 tonum,
575 677 763 764 praefulgens
777 677 933 763 unguibus
947 676 1062 740 aureis.

293 785 407 860 ‚Fama
422 783 515 865 volat,
529 803 660 870 parvam
675 781 778 848 subitd
793 781 920 867 vulgata
933 801 991 866 per
1008 780 1127 860 urbem,

255 887 361 954 'Ocids
376 893 422 954 ire
437 892 559 974 equites
569 885 731 974 Tyrrheni
745 886 788 951 ad
802 885 908 952 limina
923 883 1016 972 regis.
1241 887 1303 944 ³5⁸

269 990 352 1057 Vota
367 1005 449 1056 metu
464 991 626 1076 duplicant
641 1003 765 1070 matres,
779 986 968 1075 propiusque
983 985 1104 1074 periclo

269 1094 295 1158 lt
308 1099 408 1174 timor,
422 1107 454 1159 et
468 1095 568 1182 major
583 1093 693 1158 Martis
707 1095 775 1179 jam
790 1105 921 1177 apparet
936 1094 1050 1178 imago.

268 1195 346 1262 Tum
361 1212 451 1282 pater
466 1196 639 1276 Evandrus,
654 1195 799 1260 dextram
813 1193 995 1280 complexus
1010 1195 1122 1273 euntis,
1135 1222 1138 1230 =

269 1297 388 1376 Haeret,
403 1295 592 1383 inexpletrim
607 1296 796 1382 lacrymans,
810 1317 849 1360 ac
865 1295 938 1360 talia
953 1293 1053 1360 satur:

267 1401 387 1468 Omihi
402 1405 575 1486 preteriens
589 1399 707 1465 referat
721 1403 747 1464 si
761 1400 886 1484 Jupiter
900 1400 1016 1462 annos!
1240 1401 1304 1462 560

267 1503 374 1586 Qualis
388 1525 485 1583 eram,
500 1525 594 1589 quum
608 1506 742 1588 primam
757 1503 856 1566 aciem
872 1503 1028 1565 Praeneste
1042 1498 1102 1568 sub
1116 1499 1186 1585 ipsi

267 1607 380 1687 Strati,
394 1621 613 1692 scutorumque
627 1605 751 1670 incendi
765 1607 865 1670 victur
880 1624 1029 1682 acervos;

267 1709 307 1774 Et
321 1732 429 1796 regem
445 1709 504 1774 hac
521 1708 668 1774 Herilum
683 1706 796 1773 dextri
810 1709 869 1772 sub
885 1708 1022 1772 Tartara
1036 1705 1116 1786 misi,

265 1812 416 1877 Nascenti
431 1815 481 1876 cui
497 1825 560 1876 tres
575 1814 696 1876 animas
712 1810 846 1876 Feronia
863 1822 963 1875 mater

263 1914 489 1996 (Horrendum
504 1914 608 1998 dictu)
623 1912 764 1993 dederat,
782 1925 872 1978 terna
886 1933 974 1978 arma
989 1909 1154 1993 movenda,
1240 1915 1301 1974 566

263 2017 331 2082 Ter
345 2018 408 2082 leto
423 2018 605 2084 sternendus
612 2031 708 2098 ·=erst;
729 2019 781 2082 cui
796 2029 868 2082 tunc
883 2029 988 2100 tamen
1000 2037 1108 2082 omnes

264 2121 403 2186 Abstulit
418 2121 486 2186 haec
501 2125 621 2186 animas
635 2120 757 2200 dextra,
772 2132 803 2184 et
818 2119 947 2185 totidem
961 2123 1049 2184 exuit
1062 2120 1175 2186 armis:

265 2225 337 2290 Non
352 2247 412 2312 ego
426 2245 506 2290 nunc
521 2225 604 2290 dulci
621 2225 768 2311 amplexu
782 2223 949 2288 divellerer
963 2243 1105 2308 usquam,
1232 2257 1234 2264 ι

264 2329 357 2409 Nate,
373 2342 445 2408 tu03
466 2349 569 2414 neque
584 2329 729 2392 finitimus
745 2328 919 2392 Mezentius
934 2347 1070 2412 unquam

265 2431 353 2497 Huic
368 2435 465 2517 capiti
481 2431 632 2496 insultans
647 2443 691 2496 tot
706 2434 790 2496 ferro
804 2451 890 2496 saeva
904 2430 1042 2496 dedisset

265 2535 402 2615 Funera,
417 2549 480 2599 tam
495 2534 599 2600 multis
614 2533 774 2620 viduasset
788 2535 911 2599 civibus
925 2535 1048 2602 urbem.

265 2639 387 2716 Atros,
402 2658 421 2700 o
436 2638 557 2721 Superi,
570 2649 604 2714 et
616 2635 724 2702 divum
739 2649 771 2701 tu
786 2637 921 2702 maxime
941 2649 1047 2702 rector

265 2740 397 2826 Jupiter,
409 2739 552 2818 'Arcadii
567 2759 682 2825 queso,
696 2742 888 2804 miserescite
903 2743 997 2826 regis,

265 2841 306 2906 Et
320 2841 440 2927 patrias
455 2839 560 2905 audite
574 2862 703 2926 preces:
728 2841 760 2905 Si
775 2844 901 2906 numina
916 2853 1021 2906 vestra

229 2944 234 2959 ⁸
264 2943 456 3009 incolumem
472 2943 615 3008 Pallanta
629 2943 717 3023 mihi,
731 2943 758 3006 si
772 2944 837 3008 iata
850 2955 1032 3022 reservaut3

266 3049 299 3112 Si
313 3048 436 3112 visurus
451 3067 520 3111 eum
534 3046 617 3126 vivo,
631 3059 664 3110 et
677 3059 824 3110 venturus
839 3049 872 3110 in
886 3067 998 3125 unum;

265 3147 374 3214 Vitam
389 3168 465 3214 ore:
488 3152 592 3233 patiar
606 3150 747 3232 quemvis
762 3147 878 3212 durare
893 3145 1044 3212 laborem.

266 3253 318 3316 Sin
334 3250 472 3337 aliquem
488 3251 646 3316 infandum
660 3271 778 3332 casum,
793 3251 940 3332 Fortuna,
954 3251 1099 3330 minuris3

266 3353 368 3434 Nunc,
381 3378 412 3434 o,
427 3375 507 3419 nunc
522 3354 615 3420 liceat
628 3354 788 3420 crudelem
803 3355 991 3440 abrumpere
1005 3356 1111 3434 vitam,

266 3453 352 3524 turm
365 3479 450 3523 curoe
466 3459 632 3544 ambiguae,
646 3457 721 3522 dum
735 3479 806 3543 spes
822 3458 939 3523 incerta
954 3455 1056 3534 futuri,
1070 3501 1072 3508 ,

267 3558 350 3625 Dum
365 3573 406 3640 te,
420 3581 496 3623 care
509 3579 597 3644 puer,
611 3579 682 3624 mea
697 3579 768 3624 sera
782 3569 813 3623 et
827 3557 893 3621 sola
906 3553 1059 3639 voluptas,

268 3661 443 3748 complexu
458 3673 568 3726 teneo:
591 3664 770 3748 graviorne
785 3659 906 3725 nuntius
921 3677 1014 3721 aures
1064 3691 1072 3706 κ

269 3763 433 3830 Vulneret.
477 3762 560 3828 nec
575 3763 695 3850 genitor
708 3763 850 3851 digressu
864 3759 950 3824 dicta
965 3778 1108 3844 supremo

269 3865 450 3933 Fundebatt
473 3866 581 3932 famuli
595 3865 768 3952 collapsum
781 3869 813 3930 in
828 3875 911 3928 tecta
925 3862 1079 3926 ferebant.

308 3970 444 4056 Jamque
459 3969 540 4035 adesi
555 3972 677 4034 exierat
690 3969 787 4054 portis
802 3965 956 4050 equitatus
970 3966 1107 4050 apertis:
1219 3987 1228 4004 ¹

271 4071 383 4138 AEneas
397 4073 478 4141 inter
489 4075 609 4158 primus
623 4083 655 4135 et
668 4069 749 4136 fidus
763 4068 919 4148 Achatem

270 4170 344 4238 lude
359 4171 414 4238 alii
427 4171 532 4259 Trojae
546 4191 715 4257 proceress
737 4170 805 4258 ipse
819 4172 943 4256 agmine
958 4167 1063 4238 Pallas
