2992 5102
626 489 781 548 ECLOGA
802 490 851 550 lx.

567 905 809 986 ECLOGA
835 909 911 988 IX.

592 1225 747 1288 urcrnrs,
763 1226 884 1276 neure.

663 1379 819 1422 nrcrnrs.

238 1468 321 1545 Quo
337 1481 382 1546 te,
398 1463 501 1543 Moeri,
517 1462 640 1549 pedes?
664 1484 714 1540 nn,
731 1461 791 1545 qui)
805 1463 854 1528 vit
866 1463 960 1540 ducit,
976 1465 1006 1528 in
1022 1463 1153 1530 urbem?

675 1587 795 1632 rrmnrs.
968 1645 971 1652 Ι

243 1676 277 1741 Ο
292 1674 426 1760 Lycida,
441 1673 501 1736 rivi
517 1672 725 1757 pervenimus,
740 1673 860 1736 advena
875 1675 970 1738 nostri

250 1779 368 1868 (Quod
381 1798 535 1864 nunquam
550 1776 638 1840 veriti
654 1774 772 1864 sumus)
789 1791 823 1843 ut
836 1799 994 1863 possessor
1010 1780 1099 1866 agelli

244 1884 393 1961 Diceret,
414 1889 435 1919 ‘⁶
448 1881 526 1946 Hec
542 1902 614 1944 meu
629 1894 721 1958 sumt
743 1886 874 1960 vetres,
890 1884 1029 1968 migrate,
1039 1885 1171 1950 coloni.’'

239 1989 344 2055 Nunc
358 1989 440 2068 victi,
454 1987 566 2065 tristes,
583 1986 726 2072 quonium
742 1983 804 2050 sors
819 1987 920 2051 omnin
934 2003 1046 2068 verset,
1253 1994 1273 2052 5

243 2091 314 2158 Hos
333 2093 376 2157 illi
393 2091 490 2179 (quod
505 2111 564 2158 uec
577 2090 657 2155 bene
674 2088 802 2178 vertutl)
826 2093 971 2156 mittimus
985 2094 1099 2158 hedos.

663 2213 819 2256 nrcrnss.

240 2303 348 2370 certe
365 2303 510 2387 equidem
525 2301 687 2379 audieram,
704 2299 766 2387 qui
777 2321 811 2364 se
827 2300 997 2366 subducere
1013 2301 1108 2367 colles

238 2409 415 2494 Incipiunt,
429 2406 572 2492 mollique
581 2391 688 2493 jugum
701 2406 862 2470 demittere
878 2405 968 2486 clivo,

241 2515 361 2602 Usque
377 2513 415 2577 ad
431 2533 540 2598 equum
557 2526 587 2576 et
599 2526 729 2589 veteres,
740 2513 806 2599 jem
822 2509 918 2578 srectn
934 2513 1104 2593 cacumine,
1121 2511 1217 2600 sagos,

244 2620 362 2686 omnia
377 2619 560 2685 carminibus
575 2634 711 2684 vestrum
726 2616 865 2684 servisse
881 2617 1055 2684 Menalcan.
1235 2625 1275 2686 10

684 2743 804 2788 rrmms.

245 2831 423 2910 Audieram
437 2844 470 2893 et
484 2827 565 2893 sema
581 2827 659 2893 luit:
682 2830 737 2894 sed
753 2831 887 2896 carmine
898 2829 1013 2894 tentum

246 2937 366 3001 Nostra
379 2935 490 3012 velent,
506 2933 638 3019 Lycide,
654 2935 715 3000 tela
730 2935 807 3000 inter
823 2934 944 3014 Mentis,
956 2935 1100 3021 quantum

247 3040 409 3106 Chaonias
424 3039 539 3117 dicunt,
556 3038 657 3126 aquili
671 3041 824 3118 veniente,
840 3041 1008 3106 columbus.

247 3143 348 3222 Qum
363 3146 483 3210 nisime
500 3143 693 3230 quicumque
709 3167 803 3211 noves
818 3147 952 3212 incidere
967 3148 1036 3212 lites

245 3249 334 3314 Ante
349 3252 465 3314 sinistre
476 3249 553 3316 cavi
568 3251 735 3315 monuisset
749 3253 787 3317 eb
802 3251 871 3317 ilice
887 3254 1005 3332 cornix,
1237 3257 1276 3317 15

247 3353 326 3418 Nec
341 3367 408 3418 tuus
423 3353 472 3418 hic
487 3352 607 3431 ulteris,
623 3375 680 3418 nec
696 3355 813 3420 viveret
826 3359 891 3443 ipse
907 3355 1078 3422 Menalcas.

668 3479 822 3522 nrcrnss.

249 3559 352 3624 Heu!
375 3560 455 3624 cedit
470 3560 499 3624 in
516 3581 699 3647 quemquam
714 3577 828 3626 tentum
841 3564 962 3628 scelus!
986 3564 1063 3629 heu!
1087 3578 1138 3629 tua
1153 3565 1240 3630 nobis

248 3662 344 3728 Perre
360 3663 447 3728 simul
461 3678 565 3728 tecurn
580 3665 686 3730 solatia
701 3681 797 3752 rapte,
814 3666 956 3734 Menalca
970 3672 978 3735 !
1018 3731 1023 3744 ,

249 3770 338 3844 Quis
351 3782 474 3833 caneret
488 3769 675 3856 Nymphas?
698 3775 766 3859 quis
776 3773 901 3840 humum
917 3775 1093 3840 florentibus
1108 3777 1211 3842 herbis

253 3871 434 3958 Spargeret,
450 3889 501 3938 eut
513 3875 601 3938 viridi
617 3873 716 3940 lentes
730 3878 891 3943 induceret
905 3876 1035 3942 umbri?
1232 3887 1276 3948 20

251 3977 322 4042 vet
338 3999 401 4061 que
416 3979 528 4065 sublegi
540 3983 649 4047 tacitus
664 3983 716 4048 tibi
728 3985 862 4048 carmina
877 4006 984 4070 nuper,
1118 3971 1130 3992 ⁹

248 4087 366 4163 Quum
381 4101 412 4150 te
427 4089 464 4150 nd
480 4090 604 4156 delicias
620 4090 716 4157 serres
730 4094 919 4178 Amaryllide
934 4097 1074 4162 nostras?

246 4201 272 4231 ‘⁸
286 4189 415 4275 Tityre,
429 4191 497 4257 dum
513 4196 619 4274 redeo,
633 4197 734 4264 brevis
750 4215 796 4262 est
810 4199 869 4276 vie,
884 4222 977 4285 pesce
992 4201 1148 4288 cupellrs5
