2978 5124
214 443 276 503 ses
658 442 846 506 munos

256 593 390 660 Centum
405 613 531 682 angues,
544 595 739 682 cinctamque
753 599 832 684 gerit
846 595 1041 684 serpentibus
1055 601 1211 688 hydram:

255 697 354 763 Collis
367 700 511 764 Aventini
526 698 604 776 silvai
618 721 709 784 quem
726 697 817 766 Rhea
831 702 979 767 sacerdos

254 799 414 866 Furtivum
428 815 519 888 partu
534 802 592 867 sub
607 800 728 868 luminis
742 804 841 870 edidit
853 827 935 887 oras,
1224 817 1286 876 660

253 906 353 972 Mixta
368 905 428 970 deo
443 906 560 986 mulier,
575 919 738 992 postquam
749 909 919 974 Laurentia
933 915 1043 992 victor,

251 1011 401 1097 Geryone
416 1013 576 1090 exstincto,
590 1011 776 1097 Tirynthius
790 1014 889 1100 attigit
903 1035 990 1097 arva,

251 1112 484 1198 Tyrrhenoque
500 1114 595 1178 boves
612 1113 642 1178 in
658 1113 782 1178 flumine
797 1114 874 1179 lavit
889 1117 1008 1182 lberas.

252 1213 320 1279 Pila
335 1237 425 1280 manu
441 1236 602 1300 saevosque
616 1228 727 1300 gerunt
740 1218 772 1280 in
788 1216 872 1281 bella
886 1217 1036 1300 dolones3

251 1311 292 1384 Et
306 1322 396 1381 tereti
410 1329 547 1404 pugnant
561 1337 717 1394 mucrone,
732 1337 869 1401 veruque
886 1319 1024 1384 Sabello.
1216 1331 1280 1390 666

251 1420 322 1508 lpse
336 1423 443 1506 pedes,
458 1434 600 1508 tegumen
615 1433 761 1506 torquens
776 1421 907 1486 immane
923 1422 1030 1504 leonis,
1213 1433 1215 1438 '

251 1524 402 1589 Terribili
422 1528 580 1610 impexum
594 1522 670 1604 seta,
683 1545 755 1589 cum
769 1523 913 1590 dentibus
929 1527 1020 1608 albis,

252 1626 378 1692 lndutus
389 1627 502 1713 capiti:
519 1631 570 1690 sic
585 1630 672 1714 regia
687 1639 769 1692 tecta
782 1627 910 1694 subibat

250 1729 419 1809 Horridus,
435 1729 656 1813 Herculeoque
672 1729 815 1794 humeros
829 1731 960 1796 inuans
975 1731 1099 1798 amictu.
1121 1795 1125 1804 ,

292 1832 373 1896 Tum
387 1835 501 1920 gemini
516 1831 627 1895 fratres
642 1831 787 1895 Tiburtia
800 1833 913 1896 moenia
925 1831 1075 1918 linquunt,
1216 1841 1282 1898 670

249 1933 370 2000 Fratris
384 1934 506 1999 Tiburti
521 1932 637 1996 dictam
651 1933 833 2020 cognomine
851 1947 984 2020 gentem,

249 2036 443 2122 Catillusque
458 2058 593 2121 acerque
608 2036 719 2116 Coras,
734 2036 851 2122 Argiva
860 2038 1006 2123 juventus
1019 2063 1028 2116 3

248 2138 290 2203 Et
303 2144 434 2226 primam
449 2152 519 2203 aute
535 2138 634 2203 aciem
648 2137 745 2204 densa
758 2139 838 2202 inter
852 2138 915 2204 tela
929 2140 1088 2204 leruntru:

248 2239 318 2306 Ceu
332 2241 393 2306 duo
408 2243 569 2328 nubigenae
584 2263 678 2327 quum
692 2243 811 2306 vertice
826 2243 936 2306 montis
951 2243 993 2306 ah
1008 2243 1071 2306 alto

246 2343 449 2410 Descendunt
463 2345 622 2425 Centauri,
634 2342 791 2410 Homolen
806 2344 1005 2430 Othrquue
1019 2343 1155 2412 nivalem
1215 2352 1278 2410 676

246 2447 437 2533 Linquentes
450 2468 542 2511 cursu
556 2447 686 2533 rapido:
709 2447 764 2514 dat
778 2450 922 2512 euntibus
937 2452 1045 2535 ingens

187 2596 188 2600 ,
246 2551 333 2616 Silva
348 2549 460 2629 locum,
473 2562 504 2613 et
518 2571 628 2636 magno
643 2549 758 2614 cedunt
772 2550 905 2636 virgulta
920 2551 1053 2638 fragore.

193 2653 195 2656 ’
288 2653 357 2717 Nec
373 2653 569 2718 Praenestinae
584 2651 729 2716 fundator
743 2652 842 2718 demit
857 2654 953 2734 urbis,

245 2754 390 2822 Vulcano
404 2758 539 2842 genitum
553 2777 669 2841 pecora
684 2756 765 2820 inter
779 2759 915 2842 agrestia
929 2779 1044 2844 regem,

245 2859 466 2942 luventumque
475 2857 561 2936 iocis,
576 2858 674 2924 omnis
689 2879 781 2942 quem
795 2857 930 2923 credidit
943 2871 1030 2940 aetas,
1213 2868 1277 2925 680

244 2962 398 3026 Caeculus.
442 2962 537 3025 Hunc
552 2959 633 3047 legio
649 2959 710 3024 late
725 2959 890 3026 comitatur
904 2965 1051 3048 agrestis3

243 3063 367 3149 Quique
383 3062 477 3127 altum
494 3062 648 3126 Praeneste
663 3059 732 3143 viri,
747 3063 862 3148 quique
878 3083 954 3128 arva
973 3063 1106 3130 Gabinae

243 3165 384 3246 Junonis,
397 3163 595 3251 gelidumque
609 3165 770 3246 Anienem,
785 3179 816 3228 et
829 3164 956 3230 roscida
970 3166 1046 3230 rivis

243 3270 385 3334 Hernica
399 3289 476 3332 saxa
490 3266 613 3346 colunt;
635 3288 721 3352 quos,
736 3267 824 3332 dives
838 3267 990 3354 Anagnia,
1004 3270 1127 3354 pascis3

243 3370 339 3452 Quos,
354 3374 508 3435 Amasene
522 3383 621 3454 pater.
665 3367 736 3434 Non
750 3369 812 3434 illis
827 3369 968 3434 omnibus
983 3392 1080 3452 artua,
1209 3380 1273 3440 685

243 3475 311 3541 Nec
325 3474 432 3562 clypei
447 3495 595 3538 currusve
610 3486 738 3537 sonant:
761 3493 835 3558 pars
851 3477 988 3538 maxima
1001 3473 1132 3561 glandes

243 3577 384 3642 Liuentis
399 3576 516 3662 plumbi
531 3578 667 3660 spargit:
690 3597 764 3661 pars
779 3576 897 3660 spicula
911 3590 1010 3663 gestat

245 3680 325 3745 Bina
339 3701 450 3760 manu3
470 3679 631 3763 fulvosque
647 3677 711 3763 lupi
725 3677 766 3742 de
781 3677 862 3764 pelle
876 3679 998 3765 galeros

244 3781 383 3868 Tegmen
398 3780 515 3845 habent
528 3779 644 3864 capiti;
667 3779 797 3867 vestigia
811 3780 896 3846 nuda
910 3782 1023 3846 sinistri

243 3883 405 3950 instituite
419 3883 518 3970 pedis,
531 3882 645 3948 crudus
660 3887 734 3970 tegit
749 3883 848 3949 altera
861 3905 949 3969 pero.
1209 3895 1276 3954 696

285 3989 328 4051 At
343 3987 505 4072 Messapus
519 3985 634 4071 equium
648 3985 791 4066 domitor,
807 3987 961 4070 Neptunia
974 3987 1088 4072 proles,

243 4089 344 4172 Quem
358 4111 458 4174 neque
474 4090 521 4153 las
535 4089 597 4172 igni
611 4092 756 4174 cuiquam
769 4111 828 4154 nec
842 4101 981 4154 sternere
996 4091 1089 4170 ferro,
