<?xml version="1.0" encoding="UTF-8"?>
<!DOCTYPE html PUBLIC "-//W3C//DTD XHTML 1.0 Transitional//EN"
    "http://www.w3.org/TR/xhtml1/DTD/xhtml1-transitional.dtd">
<html xmlns="http://www.w3.org/1999/xhtml" xml:lang="en" lang="en">
 <head>
  <title>
</title>
<meta http-equiv="Content-Type" content="text/html;charset=utf-8" />
  <meta name='ocr-system' content='tesseract 3.04.00' />
  <meta name='ocr-capabilities' content='ocr_page ocr_carea ocr_par ocr_line ocrx_word'/>
</head>
<body>
  <div class='ocr_page' id='page_1' title='image "./bucolicageorgic01goulgoog/bucolicageorgic01goulgoog_0392.png"; bbox 0 0 2936 5122; ppageno 0'>
   <div class='ocr_carea' id='block_1_1' title="bbox 200 513 858 596">
    <p class='ocr_par' dir='ltr' id='par_1_1' title="bbox 200 513 858 596">
     <span class='ocr_line' id='line_1_1' title="bbox 200 513 858 596; baseline -0.002 -23"><span class='ocrx_word' id='word_1_1' title='bbox 200 517 258 574; x_wconf 75' lang='lat' dir='ltr'>sn</span> <span class='ocrx_word' id='word_1_2' title='bbox 624 513 828 574; x_wconf 62' lang='lat' dir='ltr'>meinos</span> <span class='ocrx_word' id='word_1_3' title='bbox 853 588 858 596; x_wconf 21' lang='lat'>⁵</span> 
     </span>
    </p>
   </div>
   <div class='ocr_carea' id='block_1_2' title="bbox 171 667 1282 4270">
    <p class='ocr_par' dir='ltr' id='par_1_2' title="bbox 242 667 1005 756">
     <span class='ocr_line' id='line_1_2' title="bbox 242 667 1005 756; baseline -0.001 -20"><span class='ocrx_word' id='word_1_4' title='bbox 242 668 373 736; x_wconf 80' lang='lat' dir='ltr'>Talibus</span> <span class='ocrx_word' id='word_1_5' title='bbox 387 672 515 734; x_wconf 88' lang='lat' dir='ltr'>incensa</span> <span class='ocrx_word' id='word_1_6' title='bbox 530 681 575 734; x_wconf 88' lang='lat' dir='ltr'>est</span> <span class='ocrx_word' id='word_1_7' title='bbox 585 669 735 756; x_wconf 84' lang='lat' dir='ltr'>juvenum</span> <span class='ocrx_word' id='word_1_8' title='bbox 750 671 903 734; x_wconf 90' lang='lat' dir='ltr'>sententia</span> <span class='ocrx_word' id='word_1_9' title='bbox 913 667 1005 735; x_wconf 88' lang='lat' dir='ltr'>dictis</span> 
     </span>
    </p>

    <p class='ocr_par' dir='ltr' id='par_1_3' title="bbox 171 775 1282 1276">
     <span class='ocr_line' id='line_1_3' title="bbox 171 775 1230 864; baseline 0.007 -24"><span class='ocrx_word' id='word_1_10' title='bbox 171 820 174 826; x_wconf 88' lang='lat'><em>-</em></span> <span class='ocrx_word' id='word_1_11' title='bbox 242 775 315 840; x_wconf 89' lang='lat' dir='ltr'>Jam</span> <span class='ocrx_word' id='word_1_12' title='bbox 329 775 427 861; x_wconf 87' lang='lat' dir='ltr'>magis</span> <span class='ocrx_word' id='word_1_13' title='bbox 442 787 535 858; x_wconf 90' lang='lat' dir='ltr'>atque</span> <span class='ocrx_word' id='word_1_14' title='bbox 551 775 669 861; x_wconf 83' lang='lat' dir='ltr'>magis3</span> <span class='ocrx_word' id='word_1_15' title='bbox 690 777 849 861; x_wconf 81' lang='lat' dir='ltr'>serpitque</span> <span class='ocrx_word' id='word_1_16' title='bbox 863 797 921 860; x_wconf 91' lang='lat' dir='ltr'>per</span> <span class='ocrx_word' id='word_1_17' title='bbox 936 779 1059 864; x_wconf 79' lang='lat' dir='ltr'><strong>agmina</strong></span> <span class='ocrx_word' id='word_1_18' title='bbox 1074 798 1230 848; x_wconf 84' lang='lat' dir='ltr'>murmur.</span> 
     </span>
     <span class='ocr_line' id='line_1_4' title="bbox 242 878 1282 966; baseline -0.003 -22"><span class='ocrx_word' id='word_1_19' title='bbox 242 878 305 966; x_wconf 91' lang='lat' dir='ltr'>lpsi</span> <span class='ocrx_word' id='word_1_20' title='bbox 320 879 494 944; x_wconf 82' lang='lat' dir='ltr'><strong>Laurentes</strong></span> <span class='ocrx_word' id='word_1_21' title='bbox 509 879 627 960; x_wconf 87' lang='lat' dir='ltr'>mutati,</span> <span class='ocrx_word' id='word_1_22' title='bbox 641 879 762 966; x_wconf 85' lang='lat' dir='ltr'>ipsique</span> <span class='ocrx_word' id='word_1_23' title='bbox 777 880 884 946; x_wconf 88' lang='lat' dir='ltr'>Latini</span> <span class='ocrx_word' id='word_1_24' title='bbox 900 900 908 941; x_wconf 73' lang='grc' dir='ltr'><em>τ</em></span> <span class='ocrx_word' id='word_1_25' title='bbox 1215 891 1282 952; x_wconf 74' lang='lat'>240</span> 
     </span>
     <span class='ocr_line' id='line_1_5' title="bbox 240 982 1053 1070; baseline 0.005 -24"><span class='ocrx_word' id='word_1_26' title='bbox 240 983 302 1065; x_wconf 84' lang='lat' dir='ltr'>Qui</span> <span class='ocrx_word' id='word_1_27' title='bbox 317 982 377 1048; x_wconf 90' lang='lat' dir='ltr'>sibi</span> <span class='ocrx_word' id='word_1_28' title='bbox 387 983 453 1070; x_wconf 89' lang='lat' dir='ltr'>jam</span> <span class='ocrx_word' id='word_1_29' title='bbox 468 985 608 1068; x_wconf 79' lang='lat' dir='ltr'>requiem</span> <span class='ocrx_word' id='word_1_30' title='bbox 623 1005 733 1070; x_wconf 74' lang='lat' dir='ltr'>pugnae</span> <span class='ocrx_word' id='word_1_31' title='bbox 749 983 906 1069; x_wconf 85' lang='lat' dir='ltr'>rebusque</span> <span class='ocrx_word' id='word_1_32' title='bbox 920 983 1053 1050; x_wconf 88' lang='lat' dir='ltr'>salutem</span> 
     </span>
     <span class='ocr_line' id='line_1_6' title="bbox 241 1085 1118 1174; baseline 0.007 -25"><span class='ocrx_word' id='word_1_33' title='bbox 241 1085 428 1170; x_wconf 85' lang='lat' dir='ltr'>Sperabant,</span> <span class='ocrx_word' id='word_1_34' title='bbox 442 1107 523 1150; x_wconf 90' lang='lat' dir='ltr'>nunc</span> <span class='ocrx_word' id='word_1_35' title='bbox 539 1106 627 1150; x_wconf 89' lang='lat' dir='ltr'>arma</span> <span class='ocrx_word' id='word_1_36' title='bbox 640 1085 756 1166; x_wconf 83' lang='lat' dir='ltr'>volunt,</span> <span class='ocrx_word' id='word_1_37' title='bbox 770 1085 933 1173; x_wconf 86' lang='lat' dir='ltr'>soedusque</span> <span class='ocrx_word' id='word_1_38' title='bbox 948 1101 1118 1174; x_wconf 83' lang='lat' dir='ltr'>precantur</span> 
     </span>
     <span class='ocr_line' id='line_1_7' title="bbox 242 1183 1192 1276; baseline 0.004 -24"><span class='ocrx_word' id='word_1_39' title='bbox 242 1187 402 1268; x_wconf 84' lang='lat' dir='ltr'>lulectum,</span> <span class='ocrx_word' id='word_1_40' title='bbox 417 1200 448 1252; x_wconf 89' lang='lat' dir='ltr'>et</span> <span class='ocrx_word' id='word_1_41' title='bbox 462 1187 560 1252; x_wconf 89' lang='lat' dir='ltr'>Turni</span> <span class='ocrx_word' id='word_1_42' title='bbox 575 1199 689 1252; x_wconf 86' lang='lat' dir='ltr'>sortem</span> <span class='ocrx_word' id='word_1_43' title='bbox 704 1189 888 1254; x_wconf 85' lang='lat' dir='ltr'>miserantur</span> <span class='ocrx_word' id='word_1_44' title='bbox 903 1190 1053 1276; x_wconf 88' lang='lat' dir='ltr'>iniquam.</span> <span class='ocrx_word' id='word_1_45' title='bbox 1187 1183 1192 1193; x_wconf 78' lang='grc'><em>’</em></span> 
     </span>
    </p>

    <p class='ocr_par' dir='ltr' id='par_1_4' title="bbox 285 1290 991 1380">
     <span class='ocr_line' id='line_1_8' title="bbox 285 1290 991 1380; baseline -0.001 -21"><span class='ocrx_word' id='word_1_46' title='bbox 285 1291 346 1359; x_wconf 90' lang='lat' dir='ltr'>His</span> <span class='ocrx_word' id='word_1_47' title='bbox 360 1291 446 1356; x_wconf 86' lang='lat' dir='ltr'>aliud</span> <span class='ocrx_word' id='word_1_48' title='bbox 460 1293 558 1380; x_wconf 88' lang='lat' dir='ltr'>majus</span> <span class='ocrx_word' id='word_1_49' title='bbox 573 1292 704 1358; x_wconf 84' lang='lat' dir='ltr'>Juturna</span> <span class='ocrx_word' id='word_1_50' title='bbox 718 1290 868 1378; x_wconf 85' lang='lat' dir='ltr'>adjungit,</span> <span class='ocrx_word' id='word_1_51' title='bbox 882 1304 913 1358; x_wconf 92' lang='lat' dir='ltr'>et</span> <span class='ocrx_word' id='word_1_52' title='bbox 927 1293 991 1358; x_wconf 88' lang='lat' dir='ltr'>alto</span> 
     </span>
    </p>

    <p class='ocr_par' dir='ltr' id='par_1_5' title="bbox 239 1393 1281 1896">
     <span class='ocr_line' id='line_1_9' title="bbox 239 1393 1281 1481; baseline 0.002 -21"><span class='ocrx_word' id='word_1_53' title='bbox 239 1393 307 1460; x_wconf 87' lang='lat' dir='ltr'>Dat</span> <span class='ocrx_word' id='word_1_54' title='bbox 322 1397 441 1481; x_wconf 86' lang='lat' dir='ltr'>signum</span> <span class='ocrx_word' id='word_1_55' title='bbox 456 1394 557 1474; x_wconf 88' lang='lat' dir='ltr'>coelo;</span> <span class='ocrx_word' id='word_1_56' title='bbox 580 1416 641 1480; x_wconf 94' lang='lat' dir='ltr'>quo</span> <span class='ocrx_word' id='word_1_57' title='bbox 657 1417 717 1460; x_wconf 89' lang='lat' dir='ltr'>non</span> <span class='ocrx_word' id='word_1_58' title='bbox 731 1399 915 1480; x_wconf 77' lang='lat' dir='ltr'>praesentius</span> <span class='ocrx_word' id='word_1_59' title='bbox 930 1394 1027 1462; x_wconf 92' lang='lat' dir='ltr'>ullum</span> <span class='ocrx_word' id='word_1_60' title='bbox 1217 1403 1281 1462; x_wconf 76' lang='lat' dir='ltr'>ata</span> 
     </span>
     <span class='ocr_line' id='line_1_10' title="bbox 240 1497 991 1582; baseline 0.003 -22"><span class='ocrx_word' id='word_1_61' title='bbox 240 1498 394 1563; x_wconf 90' lang='lat' dir='ltr'>Turbavit</span> <span class='ocrx_word' id='word_1_62' title='bbox 408 1511 526 1563; x_wconf 86' lang='lat' dir='ltr'>mentes</span> <span class='ocrx_word' id='word_1_63' title='bbox 542 1497 645 1575; x_wconf 83' lang='lat' dir='ltr'>Italas,</span> <span class='ocrx_word' id='word_1_64' title='bbox 660 1509 856 1582; x_wconf 86' lang='lat' dir='ltr'>monstroque</span> <span class='ocrx_word' id='word_1_65' title='bbox 872 1497 991 1562; x_wconf 80' lang='lat' dir='ltr'>fefellit.</span> 
     </span>
     <span class='ocr_line' id='line_1_11' title="bbox 242 1599 1081 1687; baseline 0.001 -20"><span class='ocrx_word' id='word_1_66' title='bbox 242 1602 385 1687; x_wconf 84' lang='lat' dir='ltr'>Namque</span> <span class='ocrx_word' id='word_1_67' title='bbox 400 1600 509 1666; x_wconf 86' lang='lat' dir='ltr'>volans</span> <span class='ocrx_word' id='word_1_68' title='bbox 523 1599 619 1664; x_wconf 70' lang='lat' dir='ltr'>rubra</span> <span class='ocrx_word' id='word_1_69' title='bbox 634 1599 735 1666; x_wconf 85' lang='lat' dir='ltr'>sulvus</span> <span class='ocrx_word' id='word_1_70' title='bbox 749 1602 839 1667; x_wconf 83' lang='lat' dir='ltr'>Jovis</span> <span class='ocrx_word' id='word_1_71' title='bbox 855 1602 920 1668; x_wconf 87' lang='lat' dir='ltr'>ales</span> <span class='ocrx_word' id='word_1_72' title='bbox 935 1605 965 1668; x_wconf 90' lang='lat' dir='ltr'>in</span> <span class='ocrx_word' id='word_1_73' title='bbox 980 1601 1081 1668; x_wconf 67' lang='lat' dir='ltr'>ethra</span> 
     </span>
     <span class='ocr_line' id='line_1_12' title="bbox 242 1704 1026 1792; baseline 0.004 -23"><span class='ocrx_word' id='word_1_74' title='bbox 242 1705 399 1770; x_wconf 87' lang='lat' dir='ltr'>Littoreas</span> <span class='ocrx_word' id='word_1_75' title='bbox 415 1704 553 1790; x_wconf 86' lang='lat' dir='ltr'>agitabat</span> <span class='ocrx_word' id='word_1_76' title='bbox 567 1725 651 1782; x_wconf 87' lang='lat' dir='ltr'>aves,</span> <span class='ocrx_word' id='word_1_77' title='bbox 667 1706 851 1792; x_wconf 86' lang='lat' dir='ltr'>turbamque</span> <span class='ocrx_word' id='word_1_78' title='bbox 867 1721 1026 1772; x_wconf 90' lang='lat' dir='ltr'>sonantem</span> 
     </span>
     <span class='ocr_line' id='line_1_13' title="bbox 241 1805 1049 1896; baseline 0.002 -23"><span class='ocrx_word' id='word_1_79' title='bbox 241 1809 379 1896; x_wconf 84' lang='lat' dir='ltr'>Agminis</span> <span class='ocrx_word' id='word_1_80' title='bbox 395 1807 500 1894; x_wconf 84' lang='lat' dir='ltr'>aligeri</span> <span class='ocrx_word' id='word_1_81' title='bbox 514 1833 522 1886; x_wconf 88' lang='lat'>;</span> <span class='ocrx_word' id='word_1_82' title='bbox 543 1805 647 1872; x_wconf 76' lang='lat' dir='ltr'>subito</span> <span class='ocrx_word' id='word_1_83' title='bbox 662 1829 755 1893; x_wconf 90' lang='lat' dir='ltr'>quum</span> <span class='ocrx_word' id='word_1_84' title='bbox 771 1809 875 1896; x_wconf 88' lang='lat' dir='ltr'>lapsus</span> <span class='ocrx_word' id='word_1_85' title='bbox 891 1809 932 1875; x_wconf 92' lang='lat' dir='ltr'>ad</span> <span class='ocrx_word' id='word_1_86' title='bbox 947 1809 1049 1876; x_wconf 87' lang='lat' dir='ltr'>undas</span> 
     </span>
    </p>

    <p class='ocr_par' dir='ltr' id='par_1_6' title="bbox 179 1909 1280 4270">
     <span class='ocr_line' id='line_1_14' title="bbox 179 1909 1280 1999; baseline 0.004 -23"><span class='ocrx_word' id='word_1_87' title='bbox 179 1912 181 1923; x_wconf 90' lang='lat'>&#39;</span> <span class='ocrx_word' id='word_1_88' title='bbox 241 1913 386 1999; x_wconf 88' lang='lat' dir='ltr'>Cycnum</span> <span class='ocrx_word' id='word_1_89' title='bbox 402 1909 607 1976; x_wconf 81' lang='lat' dir='ltr'>excellentem</span> <span class='ocrx_word' id='word_1_90' title='bbox 621 1911 755 1996; x_wconf 91' lang='lat' dir='ltr'>pedibus</span> <span class='ocrx_word' id='word_1_91' title='bbox 769 1917 853 1997; x_wconf 90' lang='lat' dir='ltr'>rapit</span> <span class='ocrx_word' id='word_1_92' title='bbox 868 1913 1026 1999; x_wconf 89' lang='lat' dir='ltr'>improbus</span> <span class='ocrx_word' id='word_1_93' title='bbox 1040 1916 1139 1980; x_wconf 74' lang='lat' dir='ltr'>uncis</span> <span class='ocrx_word' id='word_1_94' title='bbox 1217 1921 1280 1980; x_wconf 75' lang='lat'>250</span> 
     </span>
     <span class='ocr_line' id='line_1_15' title="bbox 242 2003 1076 2108; baseline 0 -26"><span class='ocrx_word' id='word_1_95' title='bbox 242 2015 401 2082; x_wconf 73' lang='lat' dir='ltr'>rlrrexbre</span> <span class='ocrx_word' id='word_1_96' title='bbox 416 2003 533 2080; x_wconf 81' lang='lat' dir='ltr'>animos</span> <span class='ocrx_word' id='word_1_97' title='bbox 549 2014 638 2096; x_wconf 83' lang='lat' dir='ltr'>ltali;</span> <span class='ocrx_word' id='word_1_98' title='bbox 659 2030 841 2102; x_wconf 74' lang='lat' dir='ltr'>cuncteque</span> <span class='ocrx_word' id='word_1_99' title='bbox 855 2017 1000 2082; x_wconf 89' lang='lat' dir='ltr'>volucres</span> <span class='ocrx_word' id='word_1_100' title='bbox 1073 2101 1076 2108; x_wconf 70' lang='lat'>,</span> 
     </span>
     <span class='ocr_line' id='line_1_16' title="bbox 241 2117 988 2206; baseline 0 -22"><span class='ocrx_word' id='word_1_101' title='bbox 241 2123 435 2186; x_wconf 78' lang='lat' dir='ltr'>Conveniunt</span> <span class='ocrx_word' id='word_1_102' title='bbox 449 2117 587 2184; x_wconf 91' lang='lat' dir='ltr'>clamore</span> <span class='ocrx_word' id='word_1_103' title='bbox 602 2120 706 2206; x_wconf 87' lang='lat' dir='ltr'>sugam</span> <span class='ocrx_word' id='word_1_104' title='bbox 721 2117 886 2198; x_wconf 74' lang='lat' dir='ltr'>(mnabile</span> <span class='ocrx_word' id='word_1_105' title='bbox 902 2123 988 2204; x_wconf 88' lang='lat' dir='ltr'>visu)</span> 
     </span>
     <span class='ocr_line' id='line_1_17' title="bbox 240 2223 1129 2310; baseline 0.003 -23"><span class='ocrx_word' id='word_1_106' title='bbox 240 2223 436 2310; x_wconf 83' lang='lat' dir='ltr'>AEtheraque</span> <span class='ocrx_word' id='word_1_107' title='bbox 451 2223 618 2288; x_wconf 87' lang='lat' dir='ltr'>obscurant</span> <span class='ocrx_word' id='word_1_108' title='bbox 632 2226 752 2309; x_wconf 86' lang='lat' dir='ltr'>pennis,</span> <span class='ocrx_word' id='word_1_109' title='bbox 767 2223 949 2310; x_wconf 89' lang='lat' dir='ltr'>hostemque</span> <span class='ocrx_word' id='word_1_110' title='bbox 963 2245 1022 2310; x_wconf 89' lang='lat' dir='ltr'>per</span> <span class='ocrx_word' id='word_1_111' title='bbox 1036 2245 1129 2290; x_wconf 88' lang='lat' dir='ltr'>auras</span> 
     </span>
     <span class='ocr_line' id='line_1_18' title="bbox 241 2323 1023 2412; baseline -0.004 -19"><span class='ocrx_word' id='word_1_112' title='bbox 241 2327 338 2393; x_wconf 70' lang='lat' dir='ltr'>Facti</span> <span class='ocrx_word' id='word_1_113' title='bbox 353 2327 435 2392; x_wconf 89' lang='lat' dir='ltr'>nube</span> <span class='ocrx_word' id='word_1_114' title='bbox 450 2337 613 2412; x_wconf 81' lang='lat' dir='ltr'>premunt3</span> <span class='ocrx_word' id='word_1_115' title='bbox 635 2323 736 2390; x_wconf 89' lang='lat' dir='ltr'>donec</span> <span class='ocrx_word' id='word_1_116' title='bbox 750 2326 781 2390; x_wconf 91' lang='lat' dir='ltr'>vi</span> <span class='ocrx_word' id='word_1_117' title='bbox 795 2325 894 2389; x_wconf 89' lang='lat' dir='ltr'>victus</span> <span class='ocrx_word' id='word_1_118' title='bbox 909 2337 939 2390; x_wconf 92' lang='lat' dir='ltr'>et</span> <span class='ocrx_word' id='word_1_119' title='bbox 953 2327 1023 2412; x_wconf 90' lang='lat' dir='ltr'>ipso</span> 
     </span>
     <span class='ocr_line' id='line_1_19' title="bbox 241 2426 1277 2516; baseline -0.004 -20"><span class='ocrx_word' id='word_1_120' title='bbox 241 2431 383 2498; x_wconf 87' lang='lat' dir='ltr'>Pondere</span> <span class='ocrx_word' id='word_1_121' title='bbox 398 2429 522 2510; x_wconf 79' lang='lat' dir='ltr'>defecit,</span> <span class='ocrx_word' id='word_1_122' title='bbox 537 2426 738 2514; x_wconf 76' lang='lat' dir='ltr'>predamque</span> <span class='ocrx_word' id='word_1_123' title='bbox 753 2451 793 2493; x_wconf 84' lang='lat' dir='ltr'>ex</span> <span class='ocrx_word' id='word_1_124' title='bbox 810 2429 961 2516; x_wconf 86' lang='lat' dir='ltr'>unguibus</span> <span class='ocrx_word' id='word_1_125' title='bbox 975 2429 1042 2494; x_wconf 85' lang='lat' dir='ltr'>ales</span> <span class='ocrx_word' id='word_1_126' title='bbox 1217 2435 1277 2495; x_wconf 75' lang='lat'>2⁵⁵</span> 
     </span>
     <span class='ocr_line' id='line_1_20' title="bbox 243 2527 966 2621; baseline -0.008 -21"><span class='ocrx_word' id='word_1_127' title='bbox 243 2535 379 2621; x_wconf 88' lang='lat' dir='ltr'>Projecit</span> <span class='ocrx_word' id='word_1_128' title='bbox 393 2533 496 2611; x_wconf 89' lang='lat' dir='ltr'>fluvio,</span> <span class='ocrx_word' id='word_1_129' title='bbox 511 2527 694 2616; x_wconf 79' lang='lat' dir='ltr'>penitbsque</span> <span class='ocrx_word' id='word_1_130' title='bbox 710 2529 740 2595; x_wconf 92' lang='lat' dir='ltr'>in</span> <span class='ocrx_word' id='word_1_131' title='bbox 755 2528 863 2595; x_wconf 89' lang='lat' dir='ltr'>nubila</span> <span class='ocrx_word' id='word_1_132' title='bbox 877 2533 966 2618; x_wconf 86' lang='lat' dir='ltr'>lugit.</span> 
     </span>
     <span class='ocr_line' id='line_1_21' title="bbox 242 2631 1023 2721; baseline -0.005 -19"><span class='ocrx_word' id='word_1_133' title='bbox 242 2638 324 2702; x_wconf 91' lang='lat' dir='ltr'>Tum</span> <span class='ocrx_word' id='word_1_134' title='bbox 338 2634 414 2702; x_wconf 79' lang='lat' dir='ltr'>vero</span> <span class='ocrx_word' id='word_1_135' title='bbox 428 2636 589 2721; x_wconf 84' lang='lat' dir='ltr'>augurium</span> <span class='ocrx_word' id='word_1_136' title='bbox 605 2633 712 2697; x_wconf 86' lang='lat' dir='ltr'>Rutuli</span> <span class='ocrx_word' id='word_1_137' title='bbox 726 2631 865 2698; x_wconf 90' lang='lat' dir='ltr'>clamore</span> <span class='ocrx_word' id='word_1_138' title='bbox 879 2633 1023 2714; x_wconf 87' lang='lat' dir='ltr'>salutant,</span> 
     </span>
     <span class='ocr_line' id='line_1_22' title="bbox 243 2735 1149 2826; baseline -0.003 -20"><span class='ocrx_word' id='word_1_139' title='bbox 243 2737 483 2826; x_wconf 84' lang='lat' dir='ltr'>Expediuntque</span> <span class='ocrx_word' id='word_1_140' title='bbox 499 2757 606 2801; x_wconf 88' lang='lat' dir='ltr'>manus</span> <span class='ocrx_word' id='word_1_141' title='bbox 620 2763 629 2816; x_wconf 84' lang='lat'>3</span> <span class='ocrx_word' id='word_1_142' title='bbox 651 2739 830 2822; x_wconf 88' lang='lat' dir='ltr'>primusque</span> <span class='ocrx_word' id='word_1_143' title='bbox 845 2735 1027 2802; x_wconf 85' lang='lat' dir='ltr'>Tolumnius</span> <span class='ocrx_word' id='word_1_144' title='bbox 1041 2759 1149 2826; x_wconf 86' lang='lat' dir='ltr'>augur,</span> 
     </span>
     <span class='ocr_line' id='line_1_23' title="bbox 243 2839 1040 2926; baseline -0.01 -16"><span class='ocrx_word' id='word_1_145' title='bbox 243 2845 317 2910; x_wconf 91' lang='lat' dir='ltr'>Hoc</span> <span class='ocrx_word' id='word_1_146' title='bbox 333 2855 409 2922; x_wconf 83' lang='lat' dir='ltr'>erat,</span> <span class='ocrx_word' id='word_1_147' title='bbox 425 2841 483 2904; x_wconf 91' lang='lat' dir='ltr'>hoe</span> <span class='ocrx_word' id='word_1_148' title='bbox 498 2839 587 2918; x_wconf 82' lang='lat' dir='ltr'>votis,</span> <span class='ocrx_word' id='word_1_149' title='bbox 601 2840 710 2924; x_wconf 86' lang='lat' dir='ltr'>inquit,</span> <span class='ocrx_word' id='word_1_150' title='bbox 725 2839 808 2926; x_wconf 89' lang='lat' dir='ltr'>quod</span> <span class='ocrx_word' id='word_1_151' title='bbox 824 2841 908 2926; x_wconf 69' lang='lat' dir='ltr'>saep&amp;</span> <span class='ocrx_word' id='word_1_152' title='bbox 924 2841 1040 2926; x_wconf 80' lang='lat' dir='ltr'>petivi:</span> 
     </span>
     <span class='ocr_line' id='line_1_24' title="bbox 243 2941 1275 3032; baseline -0.006 -20"><span class='ocrx_word' id='word_1_153' title='bbox 243 2948 386 3032; x_wconf 77' lang='lat' dir='ltr'>Accipio,</span> <span class='ocrx_word' id='word_1_154' title='bbox 400 2963 597 3030; x_wconf 85' lang='lat' dir='ltr'>agnoscoque</span> <span class='ocrx_word' id='word_1_155' title='bbox 612 2941 698 3008; x_wconf 91' lang='lat' dir='ltr'>deos.</span> <span class='ocrx_word' id='word_1_156' title='bbox 744 2943 808 3023; x_wconf 81' lang='lat' dir='ltr'>Me,</span> <span class='ocrx_word' id='word_1_157' title='bbox 822 2964 873 3008; x_wconf 89' lang='lat' dir='ltr'>me</span> <span class='ocrx_word' id='word_1_158' title='bbox 888 2941 979 3024; x_wconf 83' lang='lat' dir='ltr'>duce,</span> <span class='ocrx_word' id='word_1_159' title='bbox 995 2943 1111 3010; x_wconf 87' lang='lat' dir='ltr'>lerrum</span> <span class='ocrx_word' id='word_1_160' title='bbox 1215 2946 1275 3008; x_wconf 80' lang='lat'>260</span> 
     </span>
     <span class='ocr_line' id='line_1_25' title="bbox 241 3044 1078 3136; baseline -0.006 -20"><span class='ocrx_word' id='word_1_161' title='bbox 241 3049 410 3136; x_wconf 77' lang='lat' dir='ltr'>corripite,</span> <span class='ocrx_word' id='word_1_162' title='bbox 424 3070 444 3111; x_wconf 92' lang='lat' dir='ltr'>o</span> <span class='ocrx_word' id='word_1_163' title='bbox 458 3049 573 3128; x_wconf 84' lang='lat' dir='ltr'>miseri,</span> <span class='ocrx_word' id='word_1_164' title='bbox 589 3067 667 3134; x_wconf 87' lang='lat' dir='ltr'>quos</span> <span class='ocrx_word' id='word_1_165' title='bbox 681 3047 841 3132; x_wconf 91' lang='lat' dir='ltr'>improbus</span> <span class='ocrx_word' id='word_1_166' title='bbox 856 3044 979 3111; x_wconf 82' lang='lat' dir='ltr'>advena</span> <span class='ocrx_word' id='word_1_167' title='bbox 994 3045 1078 3111; x_wconf 89' lang='lat' dir='ltr'>bello</span> 
     </span>
     <span class='ocr_line' id='line_1_26' title="bbox 240 3147 999 3230; baseline -0.005 -12"><span class='ocrx_word' id='word_1_168' title='bbox 240 3153 380 3218; x_wconf 85' lang='lat' dir='ltr'>Territut</span> <span class='ocrx_word' id='word_1_169' title='bbox 394 3149 547 3215; x_wconf 84' lang='lat' dir='ltr'>invalidas</span> <span class='ocrx_word' id='word_1_170' title='bbox 562 3162 595 3214; x_wconf 94' lang='lat' dir='ltr'>ut</span> <span class='ocrx_word' id='word_1_171' title='bbox 610 3171 684 3214; x_wconf 86' lang='lat' dir='ltr'>aves</span> <span class='ocrx_word' id='word_1_172' title='bbox 700 3177 708 3230; x_wconf 84' lang='lat'>3</span> <span class='ocrx_word' id='word_1_173' title='bbox 730 3163 760 3214; x_wconf 93' lang='lat' dir='ltr'>et</span> <span class='ocrx_word' id='word_1_174' title='bbox 776 3147 880 3214; x_wconf 82' lang='lat' dir='ltr'>littora</span> <span class='ocrx_word' id='word_1_175' title='bbox 895 3162 999 3215; x_wconf 89' lang='lat' dir='ltr'>vestra</span> 
     </span>
     <span class='ocr_line' id='line_1_27' title="bbox 243 3249 1115 3342; baseline -0.006 -21"><span class='ocrx_word' id='word_1_176' title='bbox 243 3256 286 3321; x_wconf 87' lang='lat' dir='ltr'>Vi</span> <span class='ocrx_word' id='word_1_177' title='bbox 300 3252 447 3342; x_wconf 87' lang='lat' dir='ltr'>populat:</span> <span class='ocrx_word' id='word_1_178' title='bbox 470 3265 554 3338; x_wconf 90' lang='lat' dir='ltr'>petet</span> <span class='ocrx_word' id='word_1_179' title='bbox 569 3250 620 3316; x_wconf 90' lang='lat' dir='ltr'>ille</span> <span class='ocrx_word' id='word_1_180' title='bbox 636 3251 749 3339; x_wconf 83' lang='lat' dir='ltr'>lugam,</span> <span class='ocrx_word' id='word_1_181' title='bbox 763 3249 947 3340; x_wconf 82' lang='lat' dir='ltr'>penittlsque</span> <span class='ocrx_word' id='word_1_182' title='bbox 961 3251 1115 3336; x_wconf 80' lang='lat' dir='ltr'>profundo</span> 
     </span>
     <span class='ocr_line' id='line_1_28' title="bbox 242 3353 989 3435; baseline -0.008 -11"><span class='ocrx_word' id='word_1_183' title='bbox 242 3357 327 3424; x_wconf 88' lang='lat' dir='ltr'>Vela</span> <span class='ocrx_word' id='word_1_184' title='bbox 341 3354 449 3419; x_wconf 86' lang='lat' dir='ltr'>dabit:</span> <span class='ocrx_word' id='word_1_185' title='bbox 471 3376 526 3418; x_wconf 89' lang='lat' dir='ltr'>vos</span> <span class='ocrx_word' id='word_1_186' title='bbox 541 3355 676 3420; x_wconf 89' lang='lat' dir='ltr'>unanimi</span> <span class='ocrx_word' id='word_1_187' title='bbox 690 3353 820 3420; x_wconf 85' lang='lat' dir='ltr'>densete</span> <span class='ocrx_word' id='word_1_188' title='bbox 834 3368 989 3435; x_wconf 80' lang='lat' dir='ltr'>cateruas,</span> 
     </span>
     <span class='ocr_line' id='line_1_29' title="bbox 242 3456 944 3548; baseline -0.009 -22"><span class='ocrx_word' id='word_1_189' title='bbox 242 3461 283 3526; x_wconf 86' lang='lat' dir='ltr'>Et</span> <span class='ocrx_word' id='word_1_190' title='bbox 297 3481 403 3548; x_wconf 85' lang='lat' dir='ltr'>regem</span> <span class='ocrx_word' id='word_1_191' title='bbox 417 3459 507 3522; x_wconf 82' lang='lat' dir='ltr'>robis</span> <span class='ocrx_word' id='word_1_192' title='bbox 522 3456 626 3544; x_wconf 75' lang='lat' dir='ltr'>pugni</span> <span class='ocrx_word' id='word_1_193' title='bbox 639 3457 796 3524; x_wconf 84' lang='lat' dir='ltr'>defendite</span> <span class='ocrx_word' id='word_1_194' title='bbox 810 3471 944 3546; x_wconf 90' lang='lat' dir='ltr'>raptum.</span> 
     </span>
     <span class='ocr_line' id='line_1_30' title="bbox 243 3559 993 3644; baseline -0.007 -15"><span class='ocrx_word' id='word_1_195' title='bbox 243 3565 344 3644; x_wconf 70' lang='lat' dir='ltr'>Dixit</span> <span class='ocrx_word' id='word_1_196' title='bbox 358 3576 389 3627; x_wconf 91' lang='lat' dir='ltr'>et</span> <span class='ocrx_word' id='word_1_197' title='bbox 404 3561 554 3627; x_wconf 83' lang='lat' dir='ltr'>adversos</span> <span class='ocrx_word' id='word_1_198' title='bbox 569 3561 661 3627; x_wconf 86' lang='lat' dir='ltr'>telum</span> <span class='ocrx_word' id='word_1_199' title='bbox 677 3564 827 3626; x_wconf 90' lang='lat' dir='ltr'>contorsit</span> <span class='ocrx_word' id='word_1_200' title='bbox 840 3563 872 3626; x_wconf 90' lang='lat' dir='ltr'>in</span> <span class='ocrx_word' id='word_1_201' title='bbox 888 3559 993 3625; x_wconf 90' lang='lat' dir='ltr'>hostes</span> 
     </span>
     <span class='ocr_line' id='line_1_31' title="bbox 246 3661 1109 3745; baseline 0 -14"><span class='ocrx_word' id='word_1_202' title='bbox 246 3667 454 3745; x_wconf 83' lang='lat' dir='ltr'>Procurrens3</span> <span class='ocrx_word' id='word_1_203' title='bbox 475 3664 606 3728; x_wconf 89' lang='lat' dir='ltr'>sonitum</span> <span class='ocrx_word' id='word_1_204' title='bbox 621 3662 676 3728; x_wconf 87' lang='lat' dir='ltr'>dat</span> <span class='ocrx_word' id='word_1_205' title='bbox 689 3661 820 3728; x_wconf 87' lang='lat' dir='ltr'>stridula</span> <span class='ocrx_word' id='word_1_206' title='bbox 834 3685 958 3745; x_wconf 88' lang='lat' dir='ltr'>cornus,</span> <span class='ocrx_word' id='word_1_207' title='bbox 972 3677 1003 3730; x_wconf 90' lang='lat' dir='ltr'>et</span> <span class='ocrx_word' id='word_1_208' title='bbox 1017 3665 1109 3730; x_wconf 84' lang='lat' dir='ltr'>atlras</span> 
     </span>
     <span class='ocr_line' id='line_1_32' title="bbox 242 3766 1198 3854; baseline 0.002 -19"><span class='ocrx_word' id='word_1_209' title='bbox 242 3769 342 3835; x_wconf 82' lang='lat' dir='ltr'>Certa</span> <span class='ocrx_word' id='word_1_210' title='bbox 356 3783 465 3834; x_wconf 83' lang='lat' dir='ltr'>secat:</span> <span class='ocrx_word' id='word_1_211' title='bbox 487 3769 577 3834; x_wconf 86' lang='lat' dir='ltr'>simul</span> <span class='ocrx_word' id='word_1_212' title='bbox 592 3767 662 3849; x_wconf 86' lang='lat' dir='ltr'>hoc,</span> <span class='ocrx_word' id='word_1_213' title='bbox 676 3766 765 3833; x_wconf 85' lang='lat' dir='ltr'>simul</span> <span class='ocrx_word' id='word_1_214' title='bbox 781 3769 887 3854; x_wconf 83' lang='lat' dir='ltr'>ingens</span> <span class='ocrx_word' id='word_1_215' title='bbox 900 3766 1029 3852; x_wconf 85' lang='lat' dir='ltr'>clamor,</span> <span class='ocrx_word' id='word_1_216' title='bbox 1044 3783 1075 3835; x_wconf 91' lang='lat' dir='ltr'>et</span> <span class='ocrx_word' id='word_1_217' title='bbox 1090 3791 1198 3837; x_wconf 84' lang='lat' dir='ltr'>omnes</span> 
     </span>
     <span class='ocr_line' id='line_1_33' title="bbox 242 3870 989 3958; baseline 0 -21"><span class='ocrx_word' id='word_1_218' title='bbox 242 3873 377 3937; x_wconf 81' lang='lat' dir='ltr'>Turbati</span> <span class='ocrx_word' id='word_1_219' title='bbox 392 3873 492 3953; x_wconf 83' lang='lat' dir='ltr'>cunei,</span> <span class='ocrx_word' id='word_1_220' title='bbox 507 3871 721 3958; x_wconf 85' lang='lat' dir='ltr'>calefactaque</span> <span class='ocrx_word' id='word_1_221' title='bbox 735 3871 833 3936; x_wconf 89' lang='lat' dir='ltr'>corda</span> <span class='ocrx_word' id='word_1_222' title='bbox 848 3870 989 3937; x_wconf 89' lang='lat' dir='ltr'>tumultu.</span> 
     </span>
     <span class='ocr_line' id='line_1_34' title="bbox 243 3971 1271 4062; baseline -0.005 -21"><span class='ocrx_word' id='word_1_223' title='bbox 243 3976 347 4041; x_wconf 87' lang='lat' dir='ltr'>Hasta</span> <span class='ocrx_word' id='word_1_224' title='bbox 362 3975 480 4056; x_wconf 79' lang='lat' dir='ltr'>volans,</span> <span class='ocrx_word' id='word_1_225' title='bbox 494 3989 527 4039; x_wconf 90' lang='lat' dir='ltr'>ut</span> <span class='ocrx_word' id='word_1_226' title='bbox 541 3977 621 4041; x_wconf 73' lang='lat' dir='ltr'>forte</span> <span class='ocrx_word' id='word_1_227' title='bbox 635 3997 747 4042; x_wconf 89' lang='lat' dir='ltr'>novem</span> <span class='ocrx_word' id='word_1_228' title='bbox 762 3973 973 4062; x_wconf 88' lang='lat' dir='ltr'>pulcherrima</span> <span class='ocrx_word' id='word_1_229' title='bbox 987 3977 1118 4043; x_wconf 86' lang='lat' dir='ltr'>fratrum</span> <span class='ocrx_word' id='word_1_230' title='bbox 1212 3971 1271 4036; x_wconf 73' lang='lat' dir='ltr'>illl</span> 
     </span>
     <span class='ocr_line' id='line_1_35' title="bbox 241 4077 1042 4165; baseline 0.004 -22"><span class='ocrx_word' id='word_1_231' title='bbox 241 4077 387 4164; x_wconf 87' lang='lat' dir='ltr'>Corpora</span> <span class='ocrx_word' id='word_1_232' title='bbox 401 4083 603 4145; x_wconf 81' lang='lat' dir='ltr'>constiterant</span> <span class='ocrx_word' id='word_1_233' title='bbox 616 4079 735 4161; x_wconf 70' lang='lat' dir='ltr'>cenna,</span> <span class='ocrx_word' id='word_1_234' title='bbox 749 4101 826 4165; x_wconf 89' lang='lat' dir='ltr'>quos</span> <span class='ocrx_word' id='word_1_235' title='bbox 841 4079 904 4144; x_wconf 84' lang='lat' dir='ltr'>fida</span> <span class='ocrx_word' id='word_1_236' title='bbox 918 4077 1042 4146; x_wconf 72' lang='lat' dir='ltr'>creirat</span> 
     </span>
     <span class='ocr_line' id='line_1_36' title="bbox 243 4181 1019 4270; baseline 0 -22"><span class='ocrx_word' id='word_1_237' title='bbox 243 4181 317 4248; x_wconf 85' lang='lat' dir='ltr'>Una</span> <span class='ocrx_word' id='word_1_238' title='bbox 331 4194 375 4246; x_wconf 93' lang='lat' dir='ltr'>tot</span> <span class='ocrx_word' id='word_1_239' title='bbox 388 4181 528 4247; x_wconf 83' lang='lat' dir='ltr'>Arcadio</span> <span class='ocrx_word' id='word_1_240' title='bbox 542 4184 657 4270; x_wconf 81' lang='lat' dir='ltr'>conjux</span> <span class='ocrx_word' id='word_1_241' title='bbox 671 4184 841 4270; x_wconf 83' lang='lat' dir='ltr'>Tyrrhena</span> <span class='ocrx_word' id='word_1_242' title='bbox 854 4181 995 4270; x_wconf 88' lang='lat' dir='ltr'>Gylippo</span> <span class='ocrx_word' id='word_1_243' title='bbox 1010 4208 1019 4262; x_wconf 80' lang='lat'>3</span> 
     </span>
    </p>
   </div>
   <div class='ocr_carea' id='block_1_3' title="bbox 0 0 1473 5122">
    <p class='ocr_par' dir='ltr' id='par_1_7' title="bbox 0 0 1473 5122">
     <span class='ocr_line' id='line_1_37' title="bbox 0 0 1473 5122; baseline 0 0"><span class='ocrx_word' id='word_1_244' title='bbox 0 0 1473 5122; x_wconf 95' lang='lat' dir='ltr'> </span> 
     </span>
    </p>
   </div>
  </div>
 </body>
</html>
