2978 5124
182 491 242 548 26⁰
624 483 811 545 AENEIDOS

226 638 305 721 Quae
320 659 399 718 sese,
412 636 517 702 multis
530 633 648 701 circum
664 633 847 700 latrantibus
861 631 961 713 undis,

226 739 312 806 Mole
327 753 429 806 tenet:
452 739 573 824 scopuli
587 737 799 823 nequidquam
813 749 845 800 et
859 756 988 822 spumea
1001 732 1123 800 ciroltm

228 843 313 908 Saxa
326 843 468 920 fremunt,
483 839 635 924 laterique
650 839 732 904 illisa
746 837 920 904 refunditur
933 838 1015 925 alga.
1197 842 1259 900 590

227 941 359 1024 Verum,
373 945 428 1008 ubi
442 941 527 1007 nulla
541 941 633 1006 datur
647 961 766 1006 cecum
781 961 970 1024 exsuperare
984 951 1122 1026 potestas

228 1046 409 1131 Consilium,
423 1059 454 1111 et
469 1065 560 1110 saevae
575 1057 650 1110 nutu
663 1044 793 1108 lunonis
808 1055 881 1108 eunt
895 1063 956 1124 res,

229 1152 330 1218 Multa
343 1152 419 1216 deos
434 1171 588 1236 aurasque
602 1163 693 1235 pater
706 1161 835 1214 testatus
849 1149 967 1228 inanes,

228 1255 421 1341 Frangimur‚
437 1253 514 1318 beu!
537 1253 619 1332 satis,
632 1255 742 1337 inquit,
757 1252 947 1336 lerimurque
961 1247 1112 1336 procelli.

230 1355 294 1442 Ipsi
309 1355 365 1420 bas
379 1353 533 1441 sacrilego
546 1351 690 1440 pendetis
704 1353 851 1438 sanguine
865 1373 985 1437 poenas,
1197 1353 1258 1412 595

229 1458 260 1524 O
273 1459 397 1522 miseri!
419 1469 460 1537 te,
474 1457 591 1535 Turne,
605 1457 702 1536 nefas,
716 1469 747 1520 te
760 1455 846 1520 triste
861 1454 1001 1520 manebit

230 1558 441 1646 Supplicium
462 1560 604 1642 votisque
618 1557 694 1622 deos
707 1559 901 1623 venerabere
915 1560 1006 1622 seris.

230 1661 313 1726 Nam
327 1659 402 1724 mihi
417 1671 506 1744 parta
521 1659 618 1744 quies,
632 1656 808 1743 [omnisque
822 1659 852 1722 in
868 1658 976 1722 limine
990 1667 1096 1744 portus
1105 1657 1133 1743 3]

231 1759 352 1828 Funere
368 1761 451 1828 felici
465 1761 591 1847 spolior.
635 1761 703 1825 Nec
717 1761 806 1847 plura
821 1761 950 1840 locutus,

232 1866 335 1950 Sensit
349 1885 382 1927 se
398 1865 496 1942 tectis,
511 1883 676 1947 rerumque
690 1862 816 1948 reliquit
831 1863 984 1928 habenas.
1197 1865 1258 1926 600

272 1965 342 2030 Mos
357 1977 425 2030 erat
439 1964 599 2048 Hesperio
613 1965 644 2028 in
659 1959 762 2044 Latio,
777 1985 868 2049 quem
883 1978 1029 2049 protenus
1043 1964 1138 2030 urben

188 2094 200 2152 (
229 2067 362 2133 Albanae
376 2066 502 2132 colubre
516 2087 650 2148 sacrum
663 2089 746 2132 nuno
760 2071 898 2133 maxima
912 2089 1016 2134 rerum

231 2171 333 2237 Roma
347 2171 430 2253 colit
444 2192 538 2256 quum
552 2173 653 2256 prima
667 2185 792 2237 movent
805 2175 837 2236 in
852 2171 964 2258 proelia
979 2172 1123 2254 Martem,

231 2277 305 2340 Sive
319 2275 406 2340 Getis
421 2274 537 2339 inferre
551 2297 644 2341 manu
660 2273 867 2362 lacrymabile
883 2273 1008 2355 bellum,

230 2379 443 2465 Hyrcanisve,
458 2379 614 2443 Arabisve
628 2391 751 2464 parant,
764 2401 819 2443 seu
833 2377 963 2443 tendere
976 2376 1018 2444 ad
1033 2377 1136 2460 indos,
1199 2381 1259 2442 605

231 2483 447 2566 Auroramque
462 2482 560 2563 sequi,
576 2478 768 2565 Parthosque
783 2501 950 2566 reposcere
963 2484 1063 2568 signa.

232 2584 309 2647 Sunt
322 2585 453 2670 geminas
468 2581 543 2646 belli
559 2595 667 2668 porte,
681 2586 727 2647 sic
743 2587 866 2648 nomine
879 2584 998 2664 dicunt,

232 2685 407 2774 Relligione
422 2707 531 2766 sacrm,
546 2703 576 2752 et
591 2689 666 2752 sevi
681 2689 844 2754 formidine
860 2691 971 2754 Martis
985 2711 994 2752 r

178 2807 180 2812 ·
231 2787 364 2852 Centum
379 2791 453 2854 terei
467 2786 614 2853 claudunt
628 2805 743 2870 vectes,
757 2805 935 2876 emmaque
950 2793 1026 2856 ferri

231 2889 381 2971 Robora3
402 2913 460 2956 nec
474 2903 578 2956 custos
593 2891 715 2956 absistit
730 2891 835 2958 limine
849 2895 959 2958 Janur.
1199 2899 1261 2962 610

231 2994 313 3074 Has,
327 2993 381 3057 ubi
396 3007 483 3058 certa
497 2993 586 3058 sedet
600 2995 741 3079 patribus
756 3001 908 3062 sententia
923 3017 1043 3085 pugnae,

231 3095 312 3181 ipse,
326 3095 479 3178 Quirinali
493 3095 603 3160 trabei
616 3099 784 3182 cinctuque
798 3100 924 3164 Gabino

232 3198 372 3284 insignis,
387 3211 506 3264 reserat
520 3197 680 3263 stridentia
695 3197 802 3264 limina
816 3200 944 3281 consu13

232 3303 302 3388 lpse
317 3314 409 3365 vocat
423 3321 561 3388 pugnas:
584 3301 721 3386 sequitur
734 3315 799 3366 tum
812 3315 928 3368 caetera
942 3304 1052 3390 pubes,

231 3403 388 3488 AEreaque
403 3423 528 3468 assensu
545 3406 977 3487 conspirantcornuarauco.
1199 3413 1260 3472 615

231 3509 304 3572 Hoc
320 3520 351 3572 et
365 3519 428 3572 tum
444 3504 592 3570 AEneadis
607 3505 745 3570 indicere
761 3506 845 3572 bella
860 3507 990 3572 Latinos

233 3612 322 3677 More
333 3609 512 3698 jubebatur,
527 3611 691 3692 tristesque
706 3608 869 3674 recludere
883 3623 1000 3696 portas.

233 3713 388 3776 Abstinuit
402 3723 485 3776 tactu
499 3723 598 3797 pater,
612 3733 801 3798 aversusque
816 3714 927 3799 refugit

231 3814 332 3881 Foeda
346 3815 525 3895 ministeria,
540 3829 571 3881 et
585 3817 725 3893 caecis'se
741 3817 881 3882 condidit
894 3818 1022 3884 umbris.

233 3919 314 3983 Turn
329 3917 804 4004 reginadedm‚coelodelapsa,
818 3933 974 3986 morantes
1200 3927 1264 3985 660

234 4021 358 4106 impulit
372 4022 440 4107 ipsa
455 4045 546 4088 manu
561 4035 678 4108 portas,
692 4036 724 4087 st
737 4021 867 4088 cardine
881 4045 974 4091 verso

234 4121 316 4188 Belli
330 4123 463 4188 serratos
476 4127 560 4210 rupit
575 4125 719 4191 Saturnia
733 4137 846 4210 postes.

352 4440 366 4501 l
