2936 5122
665 497 780 558 LIBER
801 491 850 556 xl.

256 655 398 732 Labem,
414 651 575 738 Nympha,
589 649 672 737 polo,
687 651 826 736 finesque
839 650 938 716 invise
952 651 1092 731 Latinos,

257 761 374 824 Tristis
391 757 446 820 ubi
462 755 593 820 infausto
608 757 807 820 committitur
820 759 923 819 omine
938 775 1053 840 pugna.

258 863 342 926 Haec
358 879 448 945 cape,
462 871 493 922 et
509 857 647 924 ultricem
663 858 811 944 pharetris
826 857 976 942 deprome
991 858 1154 943 sagittam:
1235 863 1299 921 500

259 968 346 1042 Hac,
362 964 549 1048 quicumque
563 981 686 1024 sacrum
702 959 823 1029 violdn't
837 960 965 1024 vulnere
980 979 1104 1045 corpus,

258 1071 340 1134 Tros
357 1065 499 1142 ltalusve‚
514 1063 591 1127 milri
605 1064 723 1148 pariter
737 1062 790 1126 det
804 1063 952 1148 sanguine
966 1083 1087 1149 poenas.

260 1172 335 1238 Pdst
349 1193 407 1256 ego
422 1171 504 1234 nube
519 1167 598 1232 cavi
613 1166 796 1230 miserandae
811 1187 924 1250 corpus
939 1182 970 1229 et
985 1187 1072 1230 arma

260 1273 428 1359 lnspoliata
443 1271 540 1335 feram
555 1269 681 1346 tumulo,
695 1269 865 1354 patriaque
880 1289 1041 1352 reponam.

258 1377 368 1444 Dixit:
392 1389 423 1440 at
438 1374 491 1438 illa
508 1374 592 1438 leves
606 1372 678 1436 coeli
692 1372 821 1456 delapsa
836 1393 893 1456 per
907 1391 1001 1434 aitrus

258 1481 403 1560 insonuit,
419 1482 506 1566 nigro
521 1475 716 1541 circumdata
731 1475 853 1538 turbine
867 1495 992 1560 corpus.

301 1587 343 1649 At
358 1603 464 1647 manus
480 1583 597 1645 interea
613 1581 708 1642 muris
723 1577 861 1664 Trojano
877 1581 1074 1663 propinquat,

258 1687 443 1771 Etruscique
457 1683 563 1762 duces,
578 1683 949 1767 equitumqueexercitus
963 1684 1071 1760 omnis,

259 1791 432 1878 Compositi
446 1809 574 1852 numero
590 1789 619 1850 in
636 1800 762 1849 turmas.
808 1787 925 1852 Fremit
939 1807 1065 1870 aequore
1081 1799 1145 1851 toto

258 1895 409 1959 Insultans
424 1892 556 1978 sonipes,
571 1903 602 1955 et
615 1890 730 1976 pressis
744 1904 859 1976 pugnat
874 1889 1015 1970 habenis

259 2000 332 2064 Huc
348 1999 499 2062 obversus
514 2007 546 2057 ot
560 1993 640 2057 huc:
663 2004 727 2056 tum
743 1992 805 2055 late
820 1993 940 2056 ferreus
954 1992 1051 2056 hastis

258 2100 377 2165 Horret
393 2119 477 2183 ager,
491 2099 657 2182 campique
673 2097 767 2158 armis
782 2091 968 2158 sublimibus
984 2095 1107 2160 ardent.

258 2201 325 2267 Nec
340 2223 401 2265 non
417 2199 580 2283 Messapus
594 2196 712 2275 contra,
726 2196 907 2280 celeresque
922 2197 1046 2278 Latinis
1094 2193 1097 2232 ⁵
1136 2227 1155 2249 o

257 2306 381 2370 Etcum
397 2297 494 2367 fratre
509 2301 620 2378 Coras,
635 2312 666 2364 et
680 2301 808 2385 virginis
825 2300 875 2363 ala
890 2299 1043 2380 Camillis,
1061 2295 1076 2350 ι’
1111 2319 1125 2354 ·‘
1159 2347 1161 2352 ·

258 2406 390 2472 Adversi
406 2425 516 2489 campo
530 2415 691 2490 apparent,
707 2403 873 2486 hastasque
888 2401 1026 2466 reductis
1136 2401 1153 2456 ,ἰ

259 2507 448 2572 Protendunt
463 2506 552 2592 longi
567 2505 695 2585 dextris,
711 2517 741 2568 et
755 2497 875 2590 spicula
885 2506 1027 2569 vibrant:

257 2610 479 2694 Adventusque
493 2607 605 2687 virum,
621 2608 820 2691 fremitusque
836 2607 971 2670 ardescit
987 2629 1147 2694 equorum.

254 2714 388 2798 Jamque
403 2712 483 2777 intra
494 2713 612 2798 jactum
628 2710 681 2774 teli
695 2719 876 2796 progressus
890 2723 1021 2797 uterq'ue

258 2817 462 2880 Substiterat:
485 2814 585 2878 subito
600 2801 762 2898 erumpunt
776 2812 923 2894 clamore,
938 2816 1166 2904 frementesque

258 2917 471 2983 Exhortantur
484 2939 591 3002 equos,
606 2916 737 2980 fundunt
752 2917 841 2980 simul
857 2917 992 3002 undique
1007 2921 1069 2986 tela

257 3021 391 3100 Crebra,
405 3021 485 3085 nivis
500 3021 558 3084 ritu
571 3047 579 3100 3
600 3018 775 3104 coelumque
791 3020 949 3085 obtexitur
963 3023 1084 3087 umbri.

256 3122 411 3189 Continud
426 3122 566 3187 adversis
581 3121 767 3208 Tyrrhenus
782 3135 813 3185 et
828 3143 902 3188 acer
916 3125 1073 3188 Aconteus

257 3227 392 3292 Connixi
407 3228 564 3292 incurrunt
578 3225 685 3304 hastis,
699 3225 853 3310 primique
868 3225 987 3291 ruinam

255 3331 339 3398 Dant
354 3335 454 3396 sonitu
470 3331 592 3417 ingenti,
607 3330 825 3416 perfractaque
841 3329 1131 3416 quadrupedantllm

256 3433 387 3499 Pectora
402 3433 581 3520 pectoribus
596 3446 750 3518 rumpunt.
796 3433 955 3499 Excussus
970 3437 1127 3498 Aconteus

256 3537 405 3602 Fulminis
419 3538 451 3601 in
467 3557 595 3614 morem,
611 3549 662 3600 aut
678 3549 829 3601 tormento
843 3535 989 3622 ponderis
1005 3541 1077 3618 acti,

257 3640 435 3726 Praecipitat
449 3637 551 3722 longe,
566 3651 598 3702 et
613 3641 707 3703 vitam
722 3639 870 3727 dispergit
885 3641 914 3704 in
931 3661 1035 3704 auras.

257 3743 421 3830 Extemplo
436 3743 568 3808 turbatae
584 3745 668 3805 acies
683 3769 692 3821 3
713 3723 857 3826 lersique
874 3743 978 3806 Latini

259 3843 414 3934 Rejiciunt
428 3865 554 3934 parmas
569 3857 600 3909 et
615 3865 711 3929 equos
726 3845 767 3910 ad
783 3849 896 3910 moenia
913 3856 1045 3910 vertunt.

255 3945 354 4012 Troiis
370 3963 482 4036 agunt3
504 3950 649 4034 princeps
664 3961 780 4012 turmas
795 3948 914 4012 inducit
930 3946 1057 4034 Asylas.

256 4050 388 4138 Jamque
402 4053 653 4141 propinquabant
667 4053 784 4138 portis3
806 4073 973 4137 rursusque
988 4053 1094 4119 Latini

195 4241 199 4246 Ι
257 4151 432 4224 Clamorem
447 4155 566 4238 tollunt,
581 4169 613 4220 et
625 4153 731 4220 mollia
746 4154 829 4219 colla
843 4156 1017 4224 reflectunt.
