2956 5132
630 518 745 579 LIBER
766 519 815 578 lll.

216 687 408 756 Merentem
426 681 596 768 abjungens
612 677 745 743 iratemb
756 691 855 742 morte
864 676 1042 762 juvencum,

224 795 334 878 Atque
348 810 442 876 opere
457 789 486 850 in
503 786 609 850 medio
625 785 729 850 defixa
740 784 882 868 relinquit
898 803 1007 848 aratra.
1121 829 1133 850 .

278 897 347 962 Non
362 897 474 961 umbrae
492 894 624 958 altorum
636 911 808 971 nemorum,
824 913 883 954 non
899 892 1002 955 mollia
1017 906 1143 977 possunt
1204 895 1268 956 ⁵20
1298 886 1305 894 ”

225 1006 325 1071 Prata
339 1023 464 1067 movere
480 1000 630 1076 animum,
648 1020 707 1061 non
725 999 776 1082 qui
792 1019 847 1084 per
863 1019 938 1064 saxa
954 999 1075 1064 volutus

227 1112 341 1178 Purior
357 1113 472 1177 electro
484 1129 630 1194 carnpum
645 1109 721 1194 petit
737 1089 854 1172 amnis:
878 1124 908 1173 at
924 1111 984 1174 ima

230 1224 398 1289 Solvuntur
413 1225 522 1301 latera,
538 1237 629 1307 atque
646 1222 753 1284 oculos
768 1235 873 1306 stupor
889 1235 976 1306 urget
989 1223 1111 1302 inertes,

228 1331 283 1395 Ad
299 1347 475 1413 terramque
490 1328 555 1392 fluit
570 1329 693 1390 devexo
708 1327 846 1411 pondere
863 1329 980 1392 cervix.

228 1433 327 1510 Quid
336 1437 421 1499 labor
436 1451 487 1498 aut
503 1431 664 1497 benefacta
677 1431 810 1518 juvant?
835 1433 907 1516 quid
924 1455 1047 1498 vomere
1063 1449 1159 1500 terras
1203 1439 1266 1499 525

228 1543 394 1609 invertisse
410 1541 543 1626 graves?
568 1539 651 1624 atqui
668 1559 729 1604 non
745 1535 881 1604 Massica
898 1537 1018 1604 Bacchi

233 1648 379 1724 Munera,
394 1669 451 1712 non
468 1647 524 1710 illis
540 1645 639 1731 epulae
656 1643 790 1709 nocuere
807 1644 956 1730 repdstae:

234 1753 413 1820 Frondibus
427 1768 457 1816 et
471 1755 550 1817 vieto
568 1755 743 1837 pascuntur¹
753 1750 897 1834 simplicis
913 1751 1035 1833 herbae3

231 1861 359 1927 Pocula
374 1863 441 1923 suut
455 1857 551 1924 sontes
566 1857 685 1942 liquidi,
698 1872 788 1940 atque
805 1859 940 1922 exercita
957 1879 1048 1922 eursu

227 1967 402 2044 Flumins3
424 1985 481 2028 neo
497 1985 621 2028 somnos
638 1963 789 2046 abrumpit
804 1983 879 2025 cura
895 1957 1043 2027 salubres.

278 2071 437 2158 Tempore
453 2093 514 2135 non
531 2073 589 2135 alio
607 2070 713 2133 dicunt
727 2069 902 2153 regionibus
916 2069 974 2133 illis

234 2179 389 2254 Quaesitae
405 2176 444 2240 ad
462 2197 548 2239 sacra
563 2175 658 2238 boves
673 2173 814 2252 Junonis,
831 2189 862 2236 et
877 2175 940 2236 uris

232 2284 409 2371 Imparibus
425 2283 535 2345 ductos
550 2283 607 2345 alta
622 2283 660 2345 ad
678 2262 804 2346 donaria
820 2301 938 2343 currus.
1016 2303 1022 2308 ·

231 2390 324 2476 Ergo
340 2387 420 2473 aegre
437 2389 539 2452 rastris
554 2404 665 2453 terram
680 2391 838 2463 rimantur,
855 2400 885 2449 et
900 2386 973 2472 ipsis

231 2493 404 2582 Unguibus
420 2492 566 2558 infodiunt
580 2493 693 2579 fruges,
710 2507 890 2576 montesque
906 2515 962 2577 per
978 2492 1053 2556 altos

235 2597 394 2666 Contenta
408 2602 529 2664 cervice
540 2600 664 2663 trahunt
679 2601 835 2664 stridentia
847 2599 992 2684 plaustra.

280 2704 351 2771 Non
368 2707 456 2792 lupus
471 2707 596 2770 insidias
608 2707 748 2792 explorat
759 2705 849 2769 ovilia
865 2707 992 2785 circum,

235 2811 309 2879 Neo
321 2815 462 2897 gregibus
478 2830 646 2878 nocturnus
660 2814 859 2893 obambulat;
882 2814 980 2877 acrior
995 2813 1077 2880 illum

234 2913 323 2980 Cura
338 2916 464 2980 domata
488 2918 585 2981 timidi
601 2919 699 2982 dame
716 2919 861 3003 nervique
874 2916 1000 3003 fugaces

238 3021 334 3088 Nunc
350 3023 488 3106 interque
503 3045 598 3086 canes
614 3039 645 3086 et
660 3024 776 3087 circum
792 3037 874 3088 tecta
889 3038 1046 3108 vagantur.

235 3125 310 3189 Jam
325 3129 416 3192 maris
431 3129 571 3192 immensi
588 3128 704 3212 prolem
722 3143 752 3192 et
768 3150 864 3212 genus
879 3153 970 3194 omne
985 3131 1140 3196 natantirm

238 3231 358 3296 linere
375 3234 404 3297 in
421 3247 571 3312 extremo,
587 3254 645 3297 ceu
663 3232 809 3319 naufraga
825 3256 964 3322 corpora,
980 3237 1090 3306 fluctus

236 3336 378 3402 Proluit:
400 3340 524 3404 insolitas
541 3339 658 3425 sugium
673 3341 702 3404 iu
720 3329 843 3405 flumina
860 3343 976 3428 phocae.

237 3444 344 3508 luterit
360 3460 391 3509 et
406 3449 506 3512 curvis
522 3446 632 3510 frustra
647 3447 774 3511 defensa
786 3447 909 3513 latebris

235 3548 367 3636 Vipera,
378 3566 410 3616 et
423 3555 537 3617 attoniti
555 3555 689 3638 squamis
705 3555 890 3620 adstantibus
907 3556 1007 3642 hydri.

237 3652 318 3740 Ipsis
332 3672 378 3721 est
394 3661 447 3723 abr
463 3661 568 3723 avibus
583 3684 644 3724 non
661 3683 773 3746 aquus,
791 3679 821 3726 et
837 3663 892 3728 illae

239 3761 419 3849 Pracipites
435 3764 496 3830 alis
510 3767 601 3832 vitam
619 3767 674 3832 sub
691 3770 771 3833 nube
787 3770 969 3854 relinquunt.

237 3865 395 3934 Preterea
404 3873 471 3958 jam
487 3895 545 3937 neo
561 3877 669 3939 mutari
682 3877 793 3961 pabula
809 3876 912 3955 refert,

238 3974 447 4063 Quasitaeque
460 3997 572 4044 nocent
587 3997 689 4046 artes:
712 3982 835 4048 cessere
853 3985 997 4066 magistri,

234 4079 427 4167 Phillyrides
442 4082 571 4164 Chiron,
587 4089 872 4176 Amythaoniusque
888 4089 1074 4176 Melampus,
1143 4177 1146 4182 Ι

236 4186 334 4251 Saevit
351 4205 381 4252 et
397 4191 428 4253 in
444 4191 547 4254 lucem
564 4192 677 4278 Stygiis
693 4195 804 4258 emissa
820 4197 954 4261 tenebris

234 4293 362 4360 Pallida
376 4293 559 4383 Tisiphone,
575 4297 703 4365 Morbos
720 4302 780 4384 agit
796 4299 866 4366 autb
883 4301 1074 4392 Metumque,

409 4433 412 4438 '
552 4424 589 4481 ll

1206 1965 1271 2026 530

1207 2498 1271 2560 535

1207 3031 1271 3090 540
