2956 5132
239 501 372 594 ea¹

628 531 914 598 GEORGICORUE

282 689 426 776 Arvaque
443 691 578 792 Rbipeis
593 711 747 777 nunquam
761 691 882 756 viduata
899 691 1022 778 pruinis,

287 793 459 876 Lustrabat‚
475 813 590 884 raptam
608 795 785 882 Eurydicen
802 810 891 882 atque
908 798 987 862 irrite
1004 797 1084 862 Ditis

287 901 378 966 Dona
394 923 544 988 querens:
567 917 673 988 sprete
689 903 841 968 Ciconum
859 925 918 989 quo
933 925 1059 970 munere
1074 902 1198 982 matr'es,
1242 905 1306 968 520
1407 969 1410 978 ,

286 1007 368 1071 luter
384 1027 470 1072 sacra
485 1005 578 1072 dedm
593 1010 791 1093 nocturnique
807 1010 890 1094 orgia
906 1005 1034 1086 Bacchi,

287 1111 481 1198 Discerptum
498 1113 573 1178 letos
583 1111 728 1200 juvenem
745 1111 882 1200 sparsere
897 1135 953 1200 per
965 1135 1063 1198 agros.

288 1217 371 1281 Tum
389 1239 510 1303 quoque
526 1216 697 1282 marmorei
711 1234 802 1303 caput
818 1241 835 1282 a
851 1221 971 1284 cervice
987 1217 1139 1284 revulsum

288 1322 414 1408 Gurgite
432 1345 525 1408 quum
542 1325 643 1388 medio
659 1337 781 1408 portam
796 1323 942 1408 OEagrius
959 1321 1083 1390 Hebrus

286 1429 440 1507 Volneret,
458 1427 634 1512 Eurydicen
651 1449 709 1490 vox
726 1429 789 1512 ipse
801 1440 831 1490 et
848 1427 955 1511 frigida
969 1426 1081 1512 lingua,
1241 1430 1303 1492 ⁵25

285 1535 334 1598 ah
348 1535 487 1597 miseram
505 1533 703 1617 Eurydicen!
727 1529 828 1596 enimi
843 1532 987 1616 fugiente,
1003 1534 1153 1600 vocabat:

286 1640 460 1724 Eurydicen
478 1653 539 1702 toto
555 1638 727 1702 referebant
741 1638 863 1702 flumine
879 1639 962 1724 ripe.

328 1739 404 1807 Hec
421 1743 573 1808 Proteus:
595 1757 626 1806 et
641 1760 674 1808 se
685 1741 770 1829 jactu
786 1743 871 1807 dedit
887 1763 988 1827 equor
1000 1743 1029 1808 in
1043 1745 1157 1824 altum;

285 1849 417 1936 Quique
434 1850 526 1926 dedit,
543 1863 732 1934 spumantem
748 1849 860 1913 undam
877 1850 932 1914 sub
947 1849 1061 1914 vortice
1077 1851 1175 1916 torsit.

296 1957 310 1983 ''
328 1956 370 2019 At
385 1975 443 2019 non
459 1953 607 2038 Cyrene;
630 1973 761 2037 nemque
777 1953 855 2016 ultro
870 1953 958 2017 affata
973 1953 1152 2020 timentem:
1239 1957 1303 2026 530

283 2061 375 2139 Nate,
392 2059 464 2123 licet
478 2059 576 2122 tristes
591 2059 690 2124 animo
706 2059 861 2142 deponere
876 2077 975 2126 curas.

284 2164 361 2230 Haeo
381 2164 479 2229 omnis
494 2163 589 2227 morbi
605 2183 698 2228 cause
712 2185 720 2226 t
735 2164 804 2226 binc
822 2162 991 2230 miserabile
1007 2162 1170 2250 Nymphe,

282 2271 364 2338 Cum
380 2272 488 2356 quibus
503 2269 552 2334 ills
568 2270 677 2335 choros
692 2270 768 2333 lucis
783 2269 913 2354 egitabet
927 2269 957 2332 in
973 2270 1049 2350 eltis,

284 2376 423 2442 Exitium
440 2371 550 2437 misire
567 2373 684 2458 apibus.
706 2370 758 2434 Tu
771 2394 896 2436 munera
912 2373 1041 2458 supplex

280 2479 392 2543 Tende
409 2493 515 2563 petens
530 2497 650 2560 pacem,
666 2490 697 2540 et
713 2473 818 2540 faciles
833 2495 979 2542 venerare
995 2476 1149 2564 Napaeas:
1237 2481 1300 2544 535

281 2586 423 2668 Namque
440 2584 554 2648 dabunt
568 2583 685 2646 venium
701 2583 787 2661 votis,
803 2582 923 2668 irasque
935 2585 1097 2650 remittent.

281 2691 345 2756 Sed
361 2691 470 2754 modus
483 2688 587 2753 orandi
605 2688 655 2772 qui
671 2687 813 2773 sit,pri1ls
827 2691 932 2754 ordine
949 2691 1062 2756 dicem.

279 2796 420 2871 Quatuor
435 2793 563 2858 eximios
577 2791 727 2878 prestanti
742 2814 870 2880 corpore
885 2808 996 2873 tauros,

280 2900 343 2976 Qui
358 2900 410 2964 tibi
422 2920 501 2963 nunc
516 2899 617 2962 viridis
629 2898 797 2982 depascunt
812 2921 928 2964 summe
945 2899 1060 2984 Lycei,

280 3004 403 3088 Delige,
419 3020 450 3066 et
462 2999 574 3066 intacti
588 3001 714 3064 totidem
729 3002 850 3066 cervice
861 3002 1022 3090 juvencus.
1234 3010 1302 3071 540.

280 3108 420 3183 Quatuor
436 3106 482 3168 his
494 3127 562 3168 ares
578 3105 637 3168 alta
653 3106 691 3170 ed
705 3104 830 3172 delubra
846 3108 972 3172 deorum

279 3213 449 3290 Constitue,
465 3226 494 3274 et
510 3231 628 3274 sacrum
640 3211 754 3298 jugulis
769 3213 893 3278 demitte
909 3237 1060 3293 cruorem,

280 3321 479 3406 Corporaque
495 3316 559 3400 ipsa
575 3317 666 3380 boum
683 3317 825 3383 frondoso
841 3318 949 3384 desere
964 3321 1045 3386 luco.

279 3425 364 3500 Pbst,
381 3423 430 3486 ubi
448 3443 525 3485 nona
541 3442 611 3484 suos
628 3423 746 3487 Aurora
757 3424 922 3490 ostenderit
936 3438 1030 3505 ortus,

277 3529 404 3594 inferias
420 3525 535 3610 Orphei
552 3523 676 3590 Lethea
690 3548 840 3612 papavera
856 3530 968 3610 mittes,
1113 3605 1119 3630 Ι
1232 3537 1294 3600 645

277 3635 433 3699 Placatarn
451 3628 627 3714 Eurydicen
642 3629 736 3695 vitulb
749 3633 936 3698 venerabere
952 3632 1041 3712 cresi,

278 3739 320 3806 Et
335 3741 450 3822 nigrum
467 3739 611 3802 mactabis
626 3759 727 3818 orem,
742 3739 905 3826 lucumque
921 3741 1046 3806 revises.

321 3839 414 3907 Haud
433 3863 526 3919 more,
539 3843 680 3908 continuit
696 3845 798 3908 matris
814 3861 963 3930 precepta
980 3845 1123 3912 lacessitb

277 3948 327 4014 Ad
344 3947 469 4011 delubra
484 3949 589 4026 recita
612 3961 788 4013 monstratus
804 3950 917 4014 excitat
932 3971 1021 4030 arasa

274 4055 416 4130 Quatuor
432 4053 562 4118 eximios
573 4056 723 4138 prestanti
740 4075 869 4140 corpore
884 4069 988 4120 tauros
1230 4065 1294 4126 550

274 4159 380 4232 Ducit,
396 4171 426 4219 et
440 4156 552 4220 intacti
565 4160 691 4223 totidem
704 4161 824 4223 cervice
836 4158 996 4245 juvencas.

275 4263 361 4339 Pbst,
378 4261 428 4326 ubi
444 4280 523 4324 nona
537 4281 609 4326 suos
624 4263 741 4328 Aurora
757 4265 1027 4344 indemnatorum,
