2978 5124
597 973 979 1066 AENEIDOS

630 1249 765 1315 LIBER
790 1248 949 1315 NONUS.
991 1277 996 1288 ·

294 1478 405 1548 Arous
419 1497 458 1540 ea
472 1475 598 1542 diversa
610 1473 735 1562 penitus
749 1472 823 1538 dum
837 1487 927 1560 parte
941 1486 1098 1560 geruntur,

295 1577 368 1642 lrim
382 1577 423 1642 de
438 1578 519 1642 coelo
533 1578 617 1643 misit
631 1577 775 1642 Saturnia
789 1577 871 1641 Juno

291 1678 455 1744 Audacem
470 1679 512 1747 ad
526 1679 677 1744 Turnum.
721 1677 809 1742 Luco
824 1691 888 1741 tum
904 1676 985 1742 forte
1000 1679 1138 1764 parentis

294 1781 427 1848 Pilumni
441 1784 567 1848 Turnus
582 1781 707 1848 sacrata
721 1781 804 1846 valle
818 1780 961 1846 sedebat.

292 1884 343 1949 Ad
358 1906 451 1970 quem
466 1889 512 1950 sic
527 1907 620 1951 roseo
633 1884 863 1949 Thaumantias
872 1905 927 1971 oye
943 1883 1046 1971 locuta
1061 1896 1126 1948 est:
1309 1895 1328 1947 5

333 1986 451 2068 Turne,
465 1987 550 2073 quod
563 1988 684 2072 optanti
697 1986 805 2051 divfim
819 1989 1002 2072 promittere
1017 2007 1108 2051 nemo

292 2090 440 2172 Auderet,
455 2090 611 2156 volvenda
625 2089 692 2154 dies
708 2111 747 2154 eu
762 2089 863 2153 attulit
878 2088 976 2153 ultro:

291 2189 419 2273 illusas,
433 2194 521 2272 tube,
536 2206 567 2258 et
581 2195 686 2274 sociis,
702 2207 732 2257 et
746 2191 848 2257 classe
863 2190 983 2274 relicta,

292 2295 421 2381 Sceptra
437 2294 571 2360 Palatini
586 2294 754 2380 sedemque
769 2297 846 2379 petit
862 2293 1014 2358 Evandri.

290 2396 358 2462 Nec
374 2399 468 2463 satis:
491 2412 648 2462 extremas
662 2396 798 2483 Corythi
812 2399 988 2482 penetravit
1002 2397 1043 2462 ad
1058 2399 1171 2482 urhes;
1289 2407 1328 2466 10

291 2499 515 2588 Lydorumque
531 2523 664 2581 manum,
678 2499 827 2565 collectos
843 2514 944 2567 armat
959 2515 1106 2590 agrestes.

291 2603 374 2686 Quid
388 2603 536 2670 dubitas?
557 2625 637 2669 nunc
652 2619 773 2689 tempus
788 2624 895 2687 equos,
910 2627 991 2670 nunc
1006 2628 1137 2691 poscere
1153 2629 1282 2674 currus:

291 2704 413 2794 Rumpe
428 2729 532 2772 moras
545 2727 673 2786 omnes;
695 2719 726 2770 et
741 2707 865 2772 turbata
879 2708 982 2794 arripe
998 2724 1112 2776 castra.

328 2809 438 2891 Dixit;
460 2823 490 2874 et
505 2809 664 2895 instalum
679 2809 809 2894 paribus
824 2831 858 2872 se
873 2810 993 2876 sustulit
1008 2811 1084 2895 alis;

289 2913 508 3000 lugentemque
523 2911 595 3000 lugd
609 2915 709 2978 secuit
722 2911 780 2976 suh
795 2912 930 2977 nubibus
950 2936 1068 2980 arcum.
1286 2926 1324 2985 15

288 3017 422 3104 Agnovit
431 3017 566 3105 juvenis,
580 3014 784 3102 duplicesque
799 3014 840 3079 ad
855 3015 961 3082 sidera
976 3017 1096 3104 palmes

289 3119 424 3199 Sustulit,
439 3133 469 3183 et
484 3116 537 3184 tali
552 3119 719 3204 lugientem
735 3130 782 3181 est
796 3139 874 3183 voce
889 3134 1029 3187 secutus:

288 3220 338 3302 iri,
351 3222 449 3288 decus
463 3222 546 3303 cosli,
561 3223 630 3307 quis
644 3235 674 3286 te
690 3221 766 3285 mihi
781 3222 915 3288 nubibus
930 3237 1032 3289 actam

288 3321 407 3390 Detulit
421 3329 453 3391 iu
468 3328 591 3389 terras?
612 3322 695 3388 uude
710 3324 778 3388 haec
795 3337 857 3390 tam
872 3325 959 3392 clara
974 3329 1102 3413 repente

286 3425 495 3514 Tempestas?
515 3425 652 3491 medium
666 3425 759 3491 video
774 3425 940 3493 discedere
955 3430 1079 3510 coelum,
1282 3441 1323 3500 20

288 3530 493 3617 Palantesque
507 3529 580 3618 polo
595 3529 715 3596 stellas:
739 3553 854 3618 sequor
867 3533 970 3598 omina
985 3546 1080 3614 tanta,

286 3631 434 3721 Quisquis
448 3637 480 3699 ln
496 3654 583 3698 arma
597 3653 703 3697 vocas.
748 3633 788 3697 Et
802 3634 847 3698 sic
862 3633 971 3698 effatus
987 3633 1027 3698 ad
1043 3633 1158 3700 nudam

286 3737 451 3817 Processit,
465 3757 645 3822 summoque
660 3735 761 3800 hausit
776 3733 816 3800 de
830 3739 950 3822 gurgite
966 3735 1122 3821 lymphas,
1165 3814 1170 3826 1

285 3839 384 3906 Multa
398 3838 476 3904 deos
490 3861 602 3920 orans3
622 3839 825 3924 oneravitque
839 3838 958 3902 aethera
973 3838 1063 3902 votis.

324 3943 461 4028 Jamque
475 3941 574 4008 omnis
588 3945 708 4030 campis
724 3941 880 4004 exercitus
902 3939 967 4004 ibat
981 3941 1106 4026 apertis,
1281 3913 1342 4016 a?

283 4043 382 4110 Dives
396 4045 520 4132 eqmim,
534 4044 623 4109 dives
638 4045 734 4130 pietai
748 4043 843 4107 vestis
857 4053 887 4106 et
902 4042 979 4106 auri.

283 4145 448 4232 Messapus
461 4147 579 4233 primas
593 4149 689 4226 acies,
702 4157 859 4231 postrema
873 4147 1020 4214 coercent

541 4255 583 4314 37
