2914 5130
628 522 745 596 trusit
765 523 813 583 Vl.

209 678 271 744 Vis
284 685 318 743 ut
332 673 544 756 nidla'virdm,
557 697 619 742 non
633 675 693 764 ipsi
707 675 892 742 exscindere
905 677 993 742 ferro

208 780 371 848 Coelicolae
386 779 533 847 valeantt
555 794 616 846 stat
629 783 731 846 ferrea
746 782 837 846 turris
853 781 894 846 ad
909 803 1021 860 auras;

204 887 446 974 Tisiphoneque
460 884 582 966 sedens,
597 883 681 972 pattt
693 885 851 950 succincta
864 882 1004 966 ementi,

207 989 409 1056 Vestibulum
424 991 581 1054 exsomnis
596 1002 701 1054 servat
715 1001 883 1074 noctesque
897 987 1039 1074 diesque.

206 1091 292 1156 Hinc
309 1083 453 1156 exaudiri
467 1090 606 1179 gemitus,
621 1103 653 1154 et
667 1111 751 1155 smva
765 1109 878 1156 sonare

205 1193 375 1260 Verbera:
398 1205 461 1256 tum
476 1191 590 1258 stridor
604 1192 688 1273 ferri,
703 1205 872 1277 tractasque
887 1204 1016 1258 catenae.

204 1297 355 1364 Constitit
371 1295 495 1376 AEueas,
509 1299 732 1382 strepitumque
748 1298 915 1360 exterritus
929 1295 1046 1360 hausit:
1145 1300 1147 1306 ’
1230 1313 1233 1322 ·

202 1405 282 1488 Qum
298 1402 456 1470 scelerum
469 1403 589 1468 faciest
610 1425 630 1466 ο
643 1405 743 1488 virgo,
758 1399 853 1466 effare
868 1427 877 1482 ς
902 1403 1054 1489 quibusve

205 1507 366 1595 Urgentur
379 1509 503 1593 poenisl
524 1509 578 1590 qui
592 1517 695 1569 tantus
709 1503 840 1592 plangor
854 1502 896 1568 ad
910 1508 1023 1568 aurasl

204 1607 285 1674 Tum
300 1623 390 1674 vates
405 1611 451 1673 sic
466 1627 539 1678 orsa
554 1605 659 1692 loqui:
681 1605 757 1670 Dux
771 1604 891 1692 inclyte
905 1604 1075 1686 Teucrum,

203 1711 289 1777 Nulli
305 1711 354 1776 sas
369 1724 456 1776 casto
470 1709 659 1774 sceleratum
673 1707 814 1772 insistere
834 1706 926 1772 limen
938 1703 951 1788 ;⁴

203 1815 266 1880 Sed
281 1838 342 1896 me,
358 1837 453 1901 quum
467 1814 546 1878 lucis
561 1813 689 1878 Hecate
703 1813 844 1898 praefecit
858 1814 1003 1895 Auernis,

201 1917 275 2004 lpsa
290 1917 386 1983 deilm
400 1938 510 2004 poenas
523 1916 640 1996 docuit,
655 1937 775 2002 perque
788 1919 893 1982 omnia
908 1915 1007 1980 duxit.

200 2024 338 2089 Gnosius
352 2022 421 2087 haec
437 2021 699 2087 Rhadamanthus
714 2021 811 2086 habet
824 2019 988 2084 durissima
1001 2039 1115 2106 regna3

201 2125 407 2213 Castigatque
422 2123 570 2209 auditque
585 2121 684 2204 dolos,
698 2122 873 2208 subigitque
888 2121 979 2186 t'ateri

66 2282 73 2294 .
201 2230 281 2313 Qum
297 2231 369 2314 quis
384 2226 468 2312 apud
483 2249 622 2314 superos,
637 2228 719 2291 lurto
734 2223 854 2292 laetatus
869 2227 966 2305 inani,

199 2331 331 2398 Distuit
346 2335 377 2397 in
393 2353 496 2397 seram
510 2333 677 2396 commissa
691 2329 817 2415 placida
831 2342 975 2394 mortem

196 2433 358 2503 Continud
373 2449 477 2500 sontes
491 2435 587 2500 ultrix
602 2435 744 2500 accincta
759 2432 881 2520 flagello

198 2540 376 2628 Tisiphone
391 2542 491 2625 quatit
506 2538 674 2618 insultans3
697 2551 853 2623 tortosque
869 2537 994 2603 sinistri

198 2643 359 2708 intentans
375 2663 500 2729 angues,
515 2654 606 2706 vocat
619 2641 745 2728 agmina
759 2661 842 2704 saeva
857 2663 1008 2706 sororum.

198 2746 282 2811 Tum
296 2746 424 2811 demum
439 2746 603 2810 horrisono
618 2744 784 2810 stridentes
796 2745 929 2811 cardine
942 2766 1041 2810 sacrm

198 2847 384 2914 Panduntur
397 2861 506 2933 portae.
551 2847 662 2912 Cernis
677 2845 818 2912 custodia
832 2847 935 2932 qualis

196 2951 368 3018 Vestibulo
382 2949 512 3015 sedeatl
533 2950 632 3016 iacies
646 2971 716 3036 quar
732 2949 837 3016 limina
852 2951 975 3015 servetl

197 3056 433 3140 Quinquaginta
448 3057 525 3117 atris
539 3053 683 3119 immanis
698 3053 835 3120 hiatibus
851 3051 971 3138 Hydra

198 3159 319 3223 Saevior
334 3161 415 3222 intus
429 3155 527 3222 habet
541 3156 668 3222 sedem:
692 3170 756 3222 tum
771 3157 923 3221 Tartarus
938 3161 1005 3242 ipse

197 3259 252 3326 Bis
266 3273 354 3348 patet
369 3263 401 3324 in
416 3280 558 3346 praeceps
573 3257 700 3340 tantdm,
716 3259 876 3347 tenditque
890 3260 949 3325 sub
964 3258 1102 3341 umbras,

195 3365 338 3448 Quantus
353 3363 395 3428 ad
410 3364 572 3430 aetherium
587 3363 659 3428 coeli
674 3379 834 3450 suspectus
849 3364 1033 3452 Olympum.

195 3467 263 3534 Hic
278 3489 377 3556 genus
391 3471 551 3554 antiquum
567 3467 687 3549 Terre,
702 3469 828 3534 Titania
842 3469 952 3555 pubes,

195 3569 339 3636 Fulmine
355 3569 478 3658 dejecti,
493 3570 589 3635 fundo
603 3569 767 3638 volvuntur
782 3575 813 3637 in
828 3575 902 3636 imo.

195 3671 264 3738 Hic
278 3689 311 3738 et
326 3673 456 3738 Aloidas
470 3675 620 3760 geminos,
634 3673 789 3754 immania,
803 3673 880 3754 vidi,

194 3773 348 3862 Corpora,
364 3778 419 3861 qui
433 3775 577 3840 manibus
591 3797 735 3862 magnum
748 3776 929 3842 rescindere
944 3773 1058 3840 coelum

190 3879 352 3966 Aggressi,
367 3881 550 3965 superisque
565 3878 677 3944 Jovem
691 3877 859 3944 detrudere
875 3878 989 3966 regnis.

191 3979 273 4049 Vidi
287 3995 319 4048 et
333 3980 478 4047 cnrdeles
493 3982 620 4048 dantem
635 3980 801 4047 Salmonea
815 4001 935 4066 poenas,

190 4081 276 4148 Dum
291 4083 433 4150 flammas
447 4084 535 4150 Jovis
550 4099 582 4150 et
595 4087 712 4150 sonitus
727 4085 865 4152 imitatur
878 4083 1017 4170 Olympi.

188 4185 332 4270 Quatuor
346 4187 399 4254 hic
414 4190 556 4254 invectus
571 4187 670 4275 equis,
684 4199 715 4254 et
730 4184 879 4274 lampada
893 4207 1054 4276 quassans,

498 4295 541 4354 :30
