2914 5130
620 491 804 558 amanti

217 653 286 721 ileu
299 653 412 742 patrie
426 651 551 740 ualidas
565 654 597 718 in
611 656 735 718 viscera
749 653 862 716 vertite
875 653 972 716 rues.

220 759 333 846 Tuque
347 761 443 845 prior,
458 772 492 824 tu
505 779 612 844 parce,
626 778 723 844 genus
738 756 791 842 qui
805 755 894 824 ducis
908 754 1066 841 Olympo:

213 861 337 949 Projice
351 861 414 926 tela
429 882 534 942 manu,
546 861 668 946 sanguis
682 880 781 924 meus.
1188 861 1250 947 ⁸l⁵

214 965 270 1030 ille
285 964 474 1051 triumphati
489 962 647 1050 Capitolia
661 961 703 1027 ad
718 962 782 1026 alta
797 961 951 1028 Corintho

213 1070 329 1135 Victor
343 1082 419 1154 aget
427 1089 564 1146 currum,
577 1066 664 1132 cesis
679 1065 805 1152 insignis
820 1065 959 1131 Achivis·

212 1172 313 1238 Eruet
328 1173 380 1239 ille
394 1176 506 1259 Argos,
520 1173 843 1259 Agamemnoniasque
859 1171 1027 1257 Mycenas,

210 1276 380 1363 Ipsumque
397 1275 560 1356 AEaciden,
573 1297 669 1362 genus
683 1273 896 1358 armipotentis
911 1273 1026 1338 Achilli
1038 1298 1047 1353 3

211 1376 304 1444 Ultus
319 1401 396 1444 avos
410 1379 526 1466 Trojae,
540 1377 656 1463 templa
670 1390 701 1440 et
715 1389 866 1442 temerata
881 1376 1044 1440 Minervae.
1185 1382 1248 1443 ato

210 1482 289 1565 Quis
305 1495 345 1562 te,
360 1503 471 1569 magne
487 1481 578 1568 Cato,
593 1483 730 1560 tacitum,
744 1492 797 1543 aut
810 1491 851 1559 te,
865 1477 974 1558 Cosso,
988 1477 1165 1561 relinquat?
1215 1540 1220 1557 ,

209 1585 289 1667 Quis
303 1585 444 1650 Gracchi
458 1588 577 1672 genosi
598 1596 651 1650 aut
665 1586 814 1670 geminos,
828 1581 890 1648 duo
905 1581 1034 1662 fulmina
1049 1581 1135 1664 belli,

209 1685 388 1772 Scipiadas,
398 1685 522 1752 cladem
537 1687 674 1772 tnbyaet
695 1705 854 1770 parvoque
870 1695 1027 1770 potentem

208 1787 412 1854 Fabricium?
433 1789 484 1854 vel
499 1803 530 1856 te
543 1789 639 1868 sulco,
655 1789 801 1866 Serrane,
815 1788 992 1852 serentem?

195 1889 280 1974 ¹Qud
294 1891 410 1955 fessum
423 1892 542 1977 rapitis,
556 1889 673 1956 Fabii?
715 1889 765 1954 Tu
781 1891 939 1956 Maximus
954 1888 1006 1955 ille
1020 1909 1064 1970 es,
1184 1897 1247 1968 845

208 1989 299 2058 Unus
315 1995 369 2078 qui
384 1993 474 2058 nobis
489 1992 665 2060 cunctando
679 1992 815 2056 restituis
829 2013 908 2056 rem.

208 2093 378 2160 Excudent
391 2095 445 2160 alii
459 2097 609 2182 spirantia
623 2091 745 2160 mollins
761 2116 836 2176 cera,

208 2195 316 2262 Credo
330 2197 495 2284 equidem
515 2199 602 2264 vivos
616 2196 732 2264 ducent
745 2197 786 2261 de
800 2219 955 2264 marmore
970 2197 1093 2277 vultus3
1181 2207 1184 2210 “
1221 2262 1226 2287 ,

207 2299 353 2366 Orabunt
366 2321 478 2368 causas
492 2300 623 2382 melids3
644 2301 779 2386 coelique
794 2314 914 2366 meatus

205 2401 399 2471 Describent
412 2403 513 2486 radio,
529 2417 560 2471 et
574 2405 730 2491 surgentia
745 2401 849 2468 sidera
863 2403 979 2470 dicent.
1184 2411 1245 2471 ato

205 2505 256 2570 Tu
269 2527 381 2594 regere
396 2507 527 2592 imperio
542 2506 683 2592 populos,
699 2505 850 2588 Romane,
864 2519 1040 2590 memento;

207 2609 269 2676 He
283 2612 343 2676 tibi
358 2624 448 2676 erunt
459 2625 552 2690 artes,
563 2613 713 2696 pacisque
728 2613 887 2698 imponere
903 2633 1031 2696 morem,
1104 2611 1108 2621 ’

206 2711 344 2782 Parcere
358 2715 518 2801 subjectis,
533 2727 564 2779 et
577 2713 740 2796 debellare
755 2717 917 2802 superbos.

245 2819 300 2884 Sic
315 2830 406 2903 pater
420 2815 593 2898 Anchises3
615 2829 708 2902 atque
723 2816 791 2882 hoc
807 2819 991 2884 mirantibus
1005 2817 1114 2888 addit:

202 2918 347 3006 Adspice
361 2933 394 2983 ut
408 2919 536 3006 insignis
548 2918 656 3004 spoliis
671 2918 841 2984 Marcellus
855 2922 966 3006 opimis
1181 2929 1242 2992 855

203 3021 390 3110 ingreditur,
404 3024 565 3110 victorque
581 3027 665 3088 viros
680 3027 890 3109 supereminet
904 3047 1023 3092 omnes.
1216 3002 1226 3032 ¹

201 3125 268 3192 Hic
283 3146 351 3190 rem
367 3124 553 3206 Romanam,
566 3145 680 3212 magno
694 3125 839 3192 turbante
854 3127 992 3208 tumultu,

201 3231 318 3310 Sistet3
339 3249 436 3316 eques
451 3241 567 3295 sternet
583 3229 704 3312 Poenos,
718 3229 905 3317 Gallumque
919 3230 1091 3313 rebellem3
1210 3222 1222 3324 ,⁸

200 3336 373 3423 Tertiaque
388 3357 475 3402 arma
489 3339 572 3423 patri
587 3316 754 3424 suspendet
768 3351 862 3426 capta
876 3339 1019 3424 Quirino.
1158 3414 1160 3423 Ι
1219 3398 1225 3429 ,

198 3442 304 3526 Atque
320 3438 373 3503 hic
388 3437 512 3520 AEneas,
526 3439 588 3504 und
602 3459 735 3526 namque
751 3444 797 3506 ire
812 3440 941 3506 videbat
1176 3447 1240 3539 8ᾷο

199 3543 369 3630 Egregium
383 3541 483 3608 sormi
492 3543 641 3629 juvenem
656 3556 687 3608 et
701 3542 890 3632 fulgentibus
905 3547 1010 3628 armis,

197 3643 262 3709 Sed
276 3645 364 3708 irons
378 3639 450 3710 laeta
464 3664 575 3730 parurn
589 3657 621 3709 et
634 3643 757 3733 dejecto
773 3644 887 3710 lumina
902 3644 1009 3712 vultu:
1219 3710 1223 3721 ,

197 3749 286 3832 Quis,
299 3761 404 3834 pater,
418 3746 471 3812 ille
484 3749 585 3812 vuum
601 3747 653 3832 qui
668 3749 712 3814 sic
727 3749 892 3814 comitatur
907 3752 1053 3816 euntem?
1154 3755 1156 3761 '
1227 3741 1230 3746 ’

196 3849 317 3916 siunt
338 3856 420 3916 anrie
434 3849 546 3936 aliquis
562 3851 673 3938 magnai
687 3850 727 3915 de
742 3851 838 3938 stirpe
853 3856 1022 3936 nepotum?
1095 3838 1103 3859 ²

192 3953 254 4040 Qui
267 3953 413 4041 strepitus
423 3954 510 4018 circa
520 3954 682 4022 comitum!
699 3967 847 4040 quantum
857 3955 954 4022 instar
966 3958 997 4022 in
1008 3955 1077 4046 ipso
1088 3959 1153 4030 esti
1172 3969 1236 4031 885

194 4055 255 4122 Sed
271 4077 336 4122 nox
351 4067 422 4122 atra
432 4068 529 4142 caput
542 4055 619 4122 tristi
633 4055 839 4124 circumvolat
854 4057 977 4124 umbra.

193 4157 381 4252 Tumpater
395 4157 552 4226 mounes
567 4156 716 4246 lacrymis
730 4160 887 4252 ingressus
901 4160 1037 4232 obortis:
1206 4237 1210 4244 ,

497 4265 535 4326 31
