2936 5122
680 551 796 610 LIBER
816 549 878 612 xit.

278 709 350 795 Quo
365 729 415 774 res
430 729 565 792 cumque
580 705 714 786 cadent;
736 727 795 770 nec
809 725 860 770 me
874 705 922 768 vis
937 701 1001 767 ulla
1015 700 1170 766 volentem

272 817 429 891 Averte13
451 833 522 890 non,
536 813 562 873 si
577 809 717 874 tellurem
732 807 869 874 effundat
883 809 914 874 in
929 803 1028 870 undas

279 915 409 980 Diluvio
425 915 567 994 miscens,
581 913 756 998 coelumque
771 915 802 978 io
817 913 951 978 Tartara
962 911 1079 976 soluat:
1252 911 1313 970 905

282 1017 326 1084 Ut
341 1033 497 1104 sceptrum
512 1018 572 1083 hoc
586 1019 715 1101 (dextra
730 1031 886 1103 sceptrum
902 1037 973 1080 natu
985 1014 1064 1080 torte
1079 1007 1229 1099 gerebat)

283 1122 449 1206 Nunquam
464 1121 573 1186 fronde
589 1121 651 1185 levi
666 1119 774 1184 fundet
788 1116 921 1206 virgulta
936 1137 1037 1201 neque
1053 1115 1189 1194 umbras,

283 1224 386 1306 Quum
402 1213 498 1288 semel
512 1228 544 1288 in
559 1223 646 1287 silvis
661 1224 722 1287 imo
736 1223 776 1287 de
791 1224 886 1308 stirpe
903 1223 1037 1286 recisum

285 1327 390 1390 Matre
405 1341 502 1408 caret,
517 1327 680 1418 posuitque
695 1348 801 1391 comus
816 1339 847 1390 et
864 1325 994 1390 brachia
1009 1325 1112 1405 lerr03

286 1430 370 1495 Olim
387 1432 491 1512 arbos,
505 1453 586 1496 nunc
602 1429 728 1494 artificis
742 1451 850 1494 manus
864 1451 927 1493 aere
942 1428 1058 1508 decoro
1257 1431 1319 1488 910

288 1535 425 1615 inclusit,
440 1535 643 1621 patribusque
658 1534 745 1599 dedit
758 1547 880 1620 gestare
896 1533 1027 1598 Latinis.

331 1637 462 1702 Talibus
478 1639 557 1702 inter
572 1661 605 1702 se
622 1638 786 1702 firmabant
800 1636 919 1702 loedera
934 1635 1034 1716 dictis,

290 1741 468 1827 Conspectu
484 1742 632 1807 inmedio
646 1763 821 1828 procerum.
866 1741 946 1804 Tum
961 1740 1021 1804 ritis
1036 1747 1175 1802 sacratas

292 1843 326 1908 ln
341 1843 494 1909 flammam
506 1846 648 1932 jugulant
663 1841 810 1930 pecudes,
824 1857 855 1908 et
869 1847 992 1908 viscera
1010 1843 1090 1906 vivis

291 1946 444 2032 Eripiunt,
458 1947 676 2036 cumulantque
691 1952 829 2012 oneratis
843 1948 984 2012 lancibus
1000 1967 1082 2011 aras.
1263 1949 1323 2006 915
1423 2001 1425 2006 ,

335 2053 377 2115 At
393 2050 468 2114 verti
484 2051 606 2116 Rutulis
621 2056 723 2139 impar
738 2073 776 2116 ea
791 2072 892 2138 pugna
909 2049 1010 2115 videri

263 2153 266 2167 '
294 2153 365 2217 Jam
381 2151 508 2234 dudum,
523 2172 553 2218 et
568 2156 656 2219 vario
671 2158 795 2219 misceri
810 2167 938 2240 pectora
954 2167 1054 2218 motu:

294 2253 376 2318 Tum
391 2259 498 2340 magis,
512 2271 544 2320 ut
559 2253 686 2342 propitis
699 2270 839 2338 cernunt,
853 2279 914 2322 non
930 2257 1049 2321 viribus
1063 2255 1171 2340 eequis.

296 2357 432 2446 Adjuvat
447 2361 568 2425 incessu
584 2365 679 2426 tacito
693 2381 884 2448 progressus,
899 2373 930 2424 et
944 2380 1030 2424 aram

298 2461 487 2547 Suppliciter
501 2485 654 2528 venerans
668 2463 804 2528 demisso
820 2463 932 2528 lumine
947 2463 1081 2542 Turnus,
1266 2465 1327 2524 990

298 2562 520 2650 Tabentesque
533 2587 631 2652 genre,
646 2577 677 2630 et
688 2566 826 2654 juvenali
842 2567 871 2630 in
886 2587 1019 2652 corpore
1034 2563 1144 2651 pallor.

300 2664 401 2746 Quem
415 2667 505 2732 simul
520 2690 558 2732 ac
572 2670 592 2732 J
595 2681 705 2734 uturna
720 2691 808 2734 soror
821 2669 1024 2734 crebrescere
1041 2666 1117 2732 vidit

301 2771 489 2852 Sermonem,
503 2785 534 2836 et
547 2772 631 2859 vulgi
645 2777 770 2838 variare
785 2771 924 2837 labentia
938 2771 1046 2852 corda,

303 2871 336 2936 ln
351 2873 470 2938 medias
485 2878 579 2954 acies,
594 2875 725 2940 sormam
741 2873 926 2940 adsimulata
941 2874 1089 2954 Camerti,

303 2973 362 3040 Cui
377 2999 507 3064 genoso
521 2981 648 3064 proavis
664 2979 780 3065 ingens,
794 2977 974 3060 clarumque
989 2989 1127 3063 paternae
1271 2981 1331 3040 995

303 3077 424 3144 Nomen
439 3093 507 3144 erat
521 3083 652 3160 virtutis,
667 3097 698 3144 et
713 3083 779 3166 ipse
794 3083 964 3144 acerrimus
976 3078 1079 3160 armis,

305 3181 340 3245 ln
354 3181 473 3246 medias
487 3182 543 3247 dat
557 3203 625 3247 sese
640 3183 735 3262 acies,
750 3181 834 3246 haud
849 3183 956 3246 nescia
971 3201 1083 3260 rerum,

307 3280 523 3370 Rumoresque
537 3289 613 3350 serit
626 3286 740 3366 varios,
755 3306 793 3349 ac
808 3282 883 3350 talia
897 3285 996 3348 latur:

307 3384 378 3451 Non
392 3387 497 3473 pudet,
512 3411 531 3453 o
548 3388 665 3469 Rutuli,
679 3411 737 3474 pro
751 3391 871 3452 cunctis
887 3386 1000 3452 talibus
1015 3404 1108 3449 unam

309 3488 477 3577 Objectare
492 3494 651 3556 animam?
671 3513 839 3556 numerone
853 3511 892 3556 an
907 3489 1025 3554 viribus
1040 3490 1119 3572 equi
1276 3493 1337 3554 980

309 3591 378 3658 Non
393 3599 520 3660 sumus?
541 3595 589 3660 En
604 3617 711 3660 omnes
726 3608 757 3660 et
771 3597 872 3660 Trois
887 3605 918 3658 et
932 3589 1075 3658 Arcades
1090 3589 1123 3655 hi
1138 3605 1217 3673 sunt,

310 3695 487 3784 Fatalisque
503 3719 620 3780 manus,
635 3699 753 3764 insensa
769 3697 894 3761 Etruria
909 3695 1033 3758 Turno:

311 3797 375 3864 Vix
391 3799 520 3882 hostem,
534 3801 644 3869 alterni
659 3803 686 3865 si
699 3799 946 3887 congrediamur,
962 3795 1123 3861 hebemus.

313 3901 367 3968 llle
382 3905 508 3991 quidem
522 3905 562 3970 ad
577 3908 723 3993 Superos,
737 3923 868 3990 quorum
882 3923 915 3964 se
930 3899 1064 3964 devovet
1078 3901 1151 3982 aris,

315 4007 467 4073 Succedet
481 4009 572 4090 sama,
587 4012 738 4094 vivusque
752 4027 810 4094 per
824 4025 879 4068 ora
895 4005 1030 4068 leretur:
1280 4011 1340 4070 936

316 4107 390 4190 Nos,
404 4109 505 4198 patrici
520 4110 643 4190 amissi,
657 4109 788 4175 dominis
803 4127 915 4194 parere
931 4105 1074 4192 superbis

317 4209 480 4298 Cogemur,
495 4218 549 4299 qui
564 4235 643 4282 nunc
659 4213 734 4280 lenti
748 4209 944 4280 consedimus
959 4209 1053 4276 arvis.
