2978 5124
556 515 560 520 ·
644 493 760 557 LIBER
779 495 830 556 lx,

247 650 392 738 Excipit3
413 647 485 714 hinc
500 659 607 734 raptus
621 649 808 738 fugientibus
823 649 935 738 ingerit
949 649 1056 718 hastas

246 754 280 819 ln
295 767 432 842 tergum:
455 753 537 818 Juno
551 754 635 818 vires
649 757 847 838 animumque
861 757 1026 820 ministrat.

245 856 345 924 Addit
359 856 481 944 Halym
496 857 650 936 comitem,
665 870 696 921 et
710 857 833 922 confixa
849 857 973 944 Phegea
988 857 1117 944 parm53
1216 866 1284 935 765

247 960 374 1046 Ignaros
388 957 502 1026 deinde
517 961 548 1024 in
562 960 667 1040 muris,
682 960 878 1046 Martemque
893 962 1020 1040 cientes,

246 1060 508 1148 Alcandrumque,
523 1062 726 1147 Haliumque,
740 1061 974 1148 Noemonaque,
990 1063 1235 1150 Prytauimquer

246 1166 376 1252 Lyncea
391 1165 568 1234 tendentem
582 1165 700 1244 contra,
714 1166 877 1250 sociosque
891 1180 1065 1247 vocantem,

244 1268 393 1334 Vibranti
407 1267 511 1354 gladio
521 1270 671 1332 connixus
686 1268 728 1332 ab
743 1289 857 1354 aggere
868 1266 980 1332 dexter

243 1369 406 1456 Occupat;
428 1369 500 1436 huic
514 1391 575 1436 uno
589 1369 744 1456 dejectum
759 1371 930 1434 comminus
945 1370 1008 1436 ictu
1214 1377 1277 1438 770

244 1463 323 1539 Cum
338 1473 428 1561 galeri
443 1473 532 1558 louge
543 1475 643 1560 jacuit
658 1486 770 1558 caput:
793 1473 865 1538 inde
879 1474 1019 1538 ferarum

244 1576 444 1642 Vastatorem
460 1581 626 1663 Amycum,
641 1599 703 1662 quo
717 1599 778 1642 uon
794 1577 916 1642 lelicior
931 1575 1011 1642 alter

244 1677 368 1766 Ungere
383 1679 445 1753 tela
459 1701 562 1758 manu,
576 1682 755 1763 ferrumque
770 1699 893 1744 armare
908 1699 1047 1744 veneuos

243 1782 282 1848 Et
297 1782 437 1868 Clytium
452 1780 609 1862 AEoliden,
624 1795 655 1846 et
670 1781 803 1846 amicum
818 1779 957 1846 Crethea
972 1781 1090 1866 Musis;

242 1885 379 1952 Crethea
396 1886 556 1952 Musarum
570 1888 726 1964 comitem,
740 1883 791 1949 cui
805 1887 945 1948 carmina
959 1905 1083 1970 semper
1212 1893 1273 1950 776

242 1988 282 2053 Et
294 1991 425 2056 cithares
440 1989 539 2071 cordi,
554 2009 760 2072 numerosque
775 1986 934 2052 intendere
949 1988 1070 2068 nervis3

150 2163 157 2185 ·
243 2091 373 2178 Semper
386 2112 483 2178 equm
498 2106 590 2178 atque
605 2113 692 2156 arma
706 2090 806 2156 11111111
820 2110 1000 2176 pugnasque
1014 2089 1160 2158 canebat.

283 2193 426 2258 Tandem
441 2193 597 2273 ductores,
611 2192 718 2258 auditis
732 2191 820 2257 carde
835 2212 970 2272 suorum,

242 2295 438 2362 Conveniunt
453 2297 579 2376 Teucri,
595 2296 774 2360 Mnestheus
789 2315 924 2378 acerque
940 2294 1095 2375 Serestus,

243 2399 448 2486 Palantesque
463 2399 570 2466 vident
584 2403 695 2478 socios,
712 2398 894 2482 hostemque
909 2411 1080 2484 receptum.
1210 2405 1272 2466 780

241 2499 282 2566 Et
295 2499 495 2568 Mnestheus:
516 2500 587 2584 Qud
602 2499 716 2566 deinde
731 2501 856 2586 sugaml
878 2497 939 2584 qud
954 2499 1100 2566 tenditis?
1120 2500 1230 2588 inquit.

241 2603 326 2686 Quos
342 2603 419 2668 alios
434 2625 548 2684 muros,
563 2625 632 2690 quse
643 2605 709 2690 jam
725 2603 804 2666 ultra
819 2605 933 2666 moenia
947 2600 1091 2668 habetis?

240 2705 329 2773 Unus
345 2706 447 2788 homo,
462 2719 493 2772 et
506 2707 626 2786 vestris,
640 2729 660 2772 o
674 2708 768 2788 cives,
782 2705 919 2792 undique
933 2719 1038 2794 septus

240 2811 425 2898 Aggeribus,
439 2824 539 2876 tantas
554 2823 672 2898 strages
687 2810 811 2896 impune
825 2831 883 2896 per
897 2810 1007 2877 urbem

239 2913 406 2980 Edideritl
423 2915 571 3000 juvenum
584 2913 701 2998 primos
714 2925 758 2978 tot
772 2912 888 2976 miserit
901 2913 1007 2978 Orcol
1209 2922 1270 2980 705

242 3018 310 3083 Non
326 3017 460 3082 infelicis
475 3019 596 3101 patriae,
610 3029 811 3099 veterumque
826 3015 965 3096 deorum,

240 3120 279 3186 Et
292 3121 397 3208 magui
410 3117 530 3200 AEneae,
544 3139 654 3206 segnes
667 3120 855 3203 miseretque
868 3119 1046 3204 pudetque?

239 3223 370 3290 Talibus
386 3227 510 3288 accensi
525 3224 694 3303 firmantur,
709 3234 740 3286 et
754 3223 873 3308 agmine
888 3221 986 3288 denso

240 3325 429 3391 consistunt.
472 3325 596 3390 Turnus
610 3324 759 3410 paulatim
775 3323 930 3390 excedere
945 3324 1056 3412 pugnei,

239 3427 279 3494 m
294 3427 420 3492 fluvium
434 3441 551 3514 petere,
566 3449 603 3492 ac
618 3442 739 3514 partem
754 3449 822 3512 quae
838 3429 971 3516 cingitur
984 3427 1079 3492 1111111.
1168 3441 1175 3452 '
1208 3433 1271 3494 790

238 3529 352 3597 Acritis
367 3533 426 3597 boc
441 3532 559 3597 Teucri
573 3531 710 3597 clamore
724 3532 903 3598 incumbere
920 3551 1040 3616 magno,

239 3635 279 3700 Et
291 3635 467 3724 glomerare
483 3657 623 3702 manum:
646 3657 705 3700 ceu
719 3657 835 3700 saevum
850 3633 942 3698 turba
957 3632 1078 3698 leonem

239 3737 341 3821 Quum
356 3738 426 3804 telis
441 3742 555 3824 premit
569 3739 716 3803 infensis:
739 3751 771 3802 at
784 3739 909 3802 territus
923 3734 987 3815 ille,

239 3845 353 3928 Asper,
366 3843 485 3907 acerba
499 3855 597 3921 tuens,
611 3855 696 3905 retro
710 3839 809 3919 redit3
832 3852 862 3903 et
876 3859 977 3922 neque
991 3849 1079 3926 terga

240 3942 290 4010 lra
303 3945 382 4010 dare
398 3957 451 4008 ant
464 3943 561 4008 virtus
575 3942 711 4028 patitur;
731 3961 790 4006 nec
805 3938 934 4004 tendere
948 3938 1065 4020 contra,
1208 3949 1268 4010 795

241 4045 295 4113 llle
310 4048 437 4136 quidem
452 4047 512 4112 boc
526 4050 665 4134 cupiens,
679 4046 758 4130 potis
774 4057 820 4109 est
833 4065 891 4130 per
905 4043 968 4109 tela
987 4046 1144 4134 virosque,

241 4151 337 4220 Haud
352 4153 444 4220 aliter
458 4165 542 4220 retro
556 4151 669 4218 dubius
683 4149 814 4236 vestigia
828 4149 953 4216 Turnus
