2978 5124
227 531 287 594 296
669 527 856 591 AENEiDOS

270 689 334 772 Qui
347 699 434 775 patet
448 690 480 753 in
495 687 580 753 bivio
594 699 692 775 porte
708 707 778 773 quae
793 685 937 771 proxima
950 697 1055 771 ponto.

272 791 438 878 interrupti
453 793 550 877 ignes,
565 803 695 876 aterque
711 789 752 854 ad
767 789 873 854 sidera
888 789 988 886 fumus

270 893 418 982 Erigitur.
463 894 497 958 Si
511 893 632 958 fortunii
645 893 823 979 permittitis
838 895 893 974 uti,

271 998 443 1080 Quaesitum
457 995 581 1062 AEnean
597 995 768 1082 adrnoenia
783 995 945 1061 Pallantea

270 1100 349 1164 Mox
364 1100 417 1165 hic
431 1122 503 1164 cum
517 1098 634 1185 spoliis,
648 1103 764 1186 ingenti
778 1099 866 1166 caede
881 1098 1019 1187 peracta,

271 1201 378 1268 Aiinre
392 1203 536 1267 cernetis.
579 1203 647 1267 Nec
663 1223 719 1266 nos
734 1205 785 1266 via
800 1201 879 1268 saliit
891 1215 1013 1266 euntes:

271 1303 417 1370 Vidimus
432 1306 573 1372 obscuris
588 1307 719 1392 primam
733 1306 792 1370 sub
807 1305 941 1370 vallibus
956 1307 1067 1370 urbem

270 1405 398 1471 Venatu
412 1407 545 1488 assiduo,
560 1421 591 1471 et
606 1421 701 1472 totum
716 1409 916 1494 cognovimus
931 1429 1063 1473 amnem.
1241 1411 1300 1469 24⁵

270 1509 337 1574 Hic
353 1513 442 1574 annis
455 1511 559 1598 gravis
574 1522 667 1595 atque
683 1512 778 1574 animi
794 1521 930 1574 maturus
945 1509 1069 1574 Aletesr

269 1611 317 1676 Di
331 1613 432 1699 patrii,
446 1635 577 1698 quorum
592 1635 716 1699 semper
730 1612 789 1677 sub
804 1613 927 1677 numine
942 1611 1041 1700 Troja
1056 1623 1113 1690 est,

270 1716 340 1782 Nou
355 1729 460 1782 tamen
474 1720 599 1782 omnino
614 1716 755 1781 Teucros
769 1715 875 1781 delere
890 1715 1017 1803 paratis,

269 1819 372 1902 Quum
387 1821 465 1885 tales
480 1823 599 1886 animos
609 1822 759 1907 juvenum
775 1833 805 1884 et
819 1834 884 1884 tam
898 1833 986 1885 certa
1001 1819 1112 1884 tulistis

270 1921 413 1988 Pectora.
459 1922 510 1987 Sic
525 1943 709 2003 memorans,
725 1922 870 1988 humeros
884 1921 1074 2009 dextrasque
1088 1922 1218 1986 tenebat
1242 1921 1301 1985 250

268 2025 451 2106 Amborum,
466 2037 497 2089 et
510 2024 628 2090 vultum
643 2024 793 2111 iacrymis
808 2038 902 2110 atque
916 2045 972 2090 ora
986 2025 1122 2111 rigabat.

268 2130 347 2212 Qum
363 2127 462 2210 vobis,
476 2149 546 2214 quse
561 2127 665 2216 digna,
679 2129 748 2209 viri,
762 2150 820 2213 pro
835 2127 980 2192 laudibus
995 2128 1070 2208 istis,

269 2231 398 2298 Premis
412 2254 504 2318 posse
518 2254 591 2298 rear
606 2231 705 2296 solvii
749 2231 964 2297 Pulcherrima
978 2228 1111 2317 primum

267 2333 314 2400 Dt
328 2353 491 2420 moresque
506 2335 625 2400 dabunt
639 2335 752 2400 vestri:
774 2347 838 2398 tum
852 2347 969 2400 caetera
979 2333 1091 2400 reddet

238 2491 242 2506 .
268 2441 413 2504 Actutum
428 2440 497 2524 pius
510 2437 639 2520 AEneas,
654 2454 748 2524 atque
762 2440 883 2525 integer
897 2439 956 2503 aevi

267 2543 432 2624 Ascarrbrs,
446 2543 548 2606 meriti
564 2541 639 2606 tanti
653 2563 713 2606 non
730 2541 892 2606 immemor
905 2563 1053 2626 unquam.

269 2643 366 2710 immo
379 2665 440 2731 ego¹
452 2665 518 2724 vos,
532 2643 583 2708 cui
598 2642 666 2708 sola
681 2641 763 2707 salus
778 2645 917 2729 genitore
931 2641 1072 2724 reducto,

267 2747 395 2834 Excipit
410 2749 572 2827 Ascanius,
587 2767 644 2834 per
659 2767 796 2832 magnos,
812 2745 897 2827 Nise,
913 2746 1054 2825 Penates,
1078 2755 1082 2765 “

265 2854 476 2939 Assaracique
492 2851 618 2934 Larem,
633 2865 663 2917 et
677 2873 765 2918 canae
780 2850 955 2938 penetralia
969 2852 1088 2931 Vestae,

264 2955 433 3036 Obtestor3
456 2977 660 3041 quecumque
676 2953 751 3018 mibi
765 2955 888 3019 fortuna
903 2953 1042 3040 fidesque
1057 2967 1113 3035 est,

267 3056 302 3122 in
317 3061 428 3123 vestris
443 3081 524 3144 pono
538 3059 684 3145 gremiis:
707 3070 853 3122 revocate
866 3071 1046 3145 parentem3

266 3158 404 3226 Reddite
419 3175 640 3247 conspectum3
662 3160 737 3226 nihil
752 3161 805 3226 illo
820 3163 906 3226 triste
919 3167 1061 3248 recepto.¹

267 3263 348 3328 Bina
362 3262 447 3329 dabo
462 3277 589 3350 argento
603 3264 744 3349 perfecta
758 3277 852 3349 atque
868 3285 980 3349 aspera
994 3264 1088 3352 signis

266 3364 392 3446 Pocula,
407 3363 531 3430 devicti
545 3370 666 3452 genitor
681 3389 750 3452 quae
765 3371 850 3452 cepit
865 3366 1001 3449 Arisb1i3

263 3465 305 3531 Et
319 3465 458 3554 tripodas
472 3471 632 3556 geminos,
655 3470 721 3533 auri
736 3468 799 3534 duo
814 3493 924 3557 magna
939 3471 1073 3549 talenta3

265 3569 398 3636 Cratera
413 3572 581 3657 antiquum,
596 3593 688 3657 quem
704 3571 758 3638 dat
774 3573 901 3638 Sidonia
916 3573 1011 3638 Dido.

265 3673 298 3737 Si
313 3673 388 3739 verb
402 3695 517 3760 capere
533 3675 653 3739 italiam
668 3679 862 3762 sceptrisque
877 3677 970 3764 potiri

264 3775 436 3862 Contigerit
450 3782 573 3858 victori,
588 3793 618 3843 et
632 3779 747 3865 praedae
763 3777 880 3845 ducere
892 3793 1023 3861 sortem3

264 3877 380 3944 Vidisti
396 3902 456 3966 quo
471 3882 596 3946 Turnus
611 3903 702 3968 equo,
718 3882 829 3966 quibus
844 3883 911 3946 ibat
924 3887 956 3948 in
972 3885 1067 3948 armis

263 3985 403 4048 Aureus:
426 3985 525 4070 ipsum
541 3984 636 4067 illum,
651 3985 798 4072 clypeum
813 3989 986 4072 cristasque
1001 3985 1156 4064 rubentes,

263 4088 428 4174 Excipiam
443 4089 527 4169 sorti,
537 4087 603 4175 jam
618 4111 699 4154 nunc
714 4103 768 4154 tua
782 4091 920 4174 praemia,
935 4089 1023 4154 Nise.

264 4191 419 4256 Praeterea
434 4191 484 4256 bis
499 4213 556 4256 sex
570 4194 691 4276 genitor
705 4190 873 4257 lectissima
889 4206 1019 4258 matrum
