2914 5130
555 521 556 526 '
608 543 724 602 ursan
743 543 806 604 vn.
1184 547 1243 604 sis

212 702 335 768 Saturni
349 713 481 788 gentem,
496 698 579 765 haud
594 699 698 765 vhrclo
712 723 767 766 uec
784 699 904 786 legibus
918 720 1052 794 equam!

213 808 327 892 Sponte
342 805 406 885 suis,
421 808 597 890 veterisque
612 804 663 870 dei
679 827 713 868 se
728 825 814 869 more
828 817 993 868 tenentem.

211 914 314 995 Atque
329 907 474 993 equidem
489 909 613 972 memini
628 906 725 988 (fama
740 920 786 970 est
800 906 965 971 obscurior
978 906 1084 990 annis)
1179 910 1243 968 205-

211 1015 373 1078 Auruncos
388 1013 430 1076 ita
445 1012 528 1075 ferre
543 1033 652 1090 senes;
674 1010 722 1075 bis
736 1024 820 1074 ortus
836 1025 868 1075 ut
884 1010 965 1096 agris

211 1114 379 1181 Dardanus
395 1113 493 1177 ldaeas
510 1113 654 1199 Phrygias
669 1111 838 1198 penetririt
853 1112 893 1176 ad
908 1113 1011 1193 urbes,

213 1217 455 1303 Threiciamque
471 1211 605 1298 Samum,
620 1238 689 1301 quae
705 1237 786 1280 nuuc
803 1215 1017 1280 Samothracia
1034 1215 1142 1280 fertur.

213 1320 298 1384 Hinc
313 1318 399 1383 illum
414 1318 549 1405 Corythi
565 1317 734 1404 Tyrrheni
749 1319 790 1381 ab
805 1317 880 1382 sede
895 1319 1067 1403 proiectum

213 1425 317 1487 Aurea
332 1445 412 1488 nunc
428 1422 506 1486 solio
521 1421 670 1486 stellantis
686 1421 771 1507 regia
786 1419 859 1485 coeli
1181 1423 1246 1482 vlu.

213 1525 345 1610 Accipit,
360 1535 391 1588 et
405 1545 566 1588 numerum
580 1521 723 1588 divorum
739 1521 890 1587 altaribus
906 1520 1003 1586 addit.

256 1627 409 1706 Dixerat3
431 1641 462 1691 et
475 1626 559 1691 dicta
575 1625 708 1690 llioneus
724 1625 767 1690 sic
783 1646 860 1689 voce
876 1637 1018 1688 secutusz

215 1727 295 1810 Rex,
309 1751 405 1816 genus
421 1732 577 1816 egregium
593 1727 701 1807 Fauni,
716 1748 773 1790 nec
790 1727 934 1791 fluctibus
949 1737 1035 1798 actos

213 1832 290 1894 Atra
305 1832 425 1918 subegit
441 1828 538 1894 hiems
552 1829 662 1894 vestris
677 1828 846 1894 succedere
862 1829 970 1911 terris3

213 1933 280 1998 Nec
295 1931 381 1996 sidus
396 1933 521 2019 regione
536 1931 593 1996 viae
609 1929 732 1996 littusve
746 1930 865 1996 fefellit.
1182 1933 1243 1990 stt

214 2035 352 2101 Consilio
368 2037 449 2100 hanc
464 2055 571 2101 omnes
585 2034 757 2118 animisque
771 2033 946 2100 volentibus
961 2035 1070 2098 urbem

213 2138 390 2220 Afferimun
404 2137 484 2225 pulsi
498 2139 693 2224 regnisqquae
709 2140 846 2202 maxima
862 2136 1019 2222 quondam

214 2239 363 2306 Extremo
377 2242 503 2306 veniens
518 2239 565 2305 sol
580 2239 776 2326 adspiciebat
790 2239 938 2325 Olympo.

213 2345 264 2409 Ab
279 2345 359 2408 Jove
373 2345 559 2429 principium
573 2344 713 2430 generis3
736 2345 815 2406 Jove
831 2341 984 2406 Dardana
998 2341 1098 2427 pubes

183 2489 187 2495 -
212 2445 338 2510 Gaudet
352 2466 430 2510 avo:
451 2467 508 2510 rex
523 2448 601 2530 ipse,
614 2446 703 2508 Jovis
718 2445 759 2510 de
773 2457 864 2531 gente
879 2441 1033 2530 supremis,
1184 2447 1249 2506 290.

214 2547 327 2612 'lhoius
344 2547 456 2614 AEneas
471 2561 523 2612 tua
538 2571 592 2612 nos
608 2548 648 2612 ad
664 2548 769 2612 limina
784 2551 877 2612 misit.

213 2651 338 2734 Quanta
352 2673 410 2736 per
424 2651 523 2715 ldaeos
538 2655 629 2716 saevis
642 2651 739 2716 effusa
755 2652 901 2736 Mycenis
926 2715 931 2722 .

213 2752 399 2837 Tempestas
414 2755 485 2816 ierit
500 2775 635 2838 campos,
650 2753 763 2838 quibus
779 2767 865 2818 actus
880 2766 1009 2838 uterquc

214 2855 347 2940 Europae
362 2867 455 2940 atque
471 2858 553 2920 hsiae
569 2856 640 2921 latis
655 2857 847 2920 concurrerit
861 2857 956 2938 orbis,

213 2958 330 3038 Audiit,
346 2971 375 3022 et
390 2962 416 3022 si
433 2979 524 3043 quem
539 2958 630 3024 tellus
646 2971 787 3022 extrema
801 2959 903 3023 refuso
1184 2961 1245 3020 225

215 3063 384 3127 Submovet
398 3083 526 3140 oceano,
542 3075 571 3125 et
586 3063 612 3125 si
626 3083 718 3146 quem
733 3075 858 3134 extenta
872 3061 1033 3147 plagarum

214 3166 356 3249 Quatuor
369 3169 402 3228 in
417 3165 520 3228 medio
533 3164 650 3229 dirimit
665 3163 758 3250 plaga
772 3164 846 3228 solis
860 3164 969 3248 iniqui.
1073 3193 1074 3196 ¹

215 3267 343 3333 Diluvio
358 3267 467 3334 exilio
482 3282 525 3330 tot
539 3281 626 3332 vasta
641 3289 699 3352 per
713 3287 839 3350 aequora
854 3267 945 3344 vecti,

169 3377 172 3384 ’
214 3371 274 3436 Dis
288 3371 397 3436 sedem
411 3374 556 3456 exiguam
570 3371 687 3454 patriis,
702 3369 846 3454 littusque
860 3389 1003 3454 rogamus

215 3474 394 3551 Innocuum
409 3485 440 3536 et
454 3474 571 3536 cunctis
587 3471 762 3557 undamque
777 3491 946 3555 auramque
962 3479 1129 3554 patentem.
1182 3471 1244 3534 230

198 3613 201 3618 ·
216 3575 286 3640 Non
302 3575 416 3639 erimus
431 3595 526 3660 regno
542 3572 722 3655 indecores3
744 3595 802 3638 nec
817 3585 922 3638 vestra
937 3573 1054 3634 leretur

217 3675 313 3742 Fama
329 3674 417 3756 levis,
428 3679 544 3741 tantive
559 3675 718 3740 abolescet
732 3677 831 3762 gratia
846 3677 940 3754 sacti3

218 3779 284 3843 Nec
298 3779 428 3865 Trojam
443 3779 594 3842 Ausonios
608 3781 726 3863 gremio
741 3777 901 3871 excepisse
917 3774 1045 3866 pigebit.

218 3879 295 3944 fata
310 3901 368 3965 per
382 3877 490 3945 AEneae
500 3881 581 3964 juro,
596 3878 802 3964 dextramque
816 3889 983 3962 potentem,

218 3983 290 4050 Sive
305 3983 378 4064 lide,
393 4005 446 4048 seu
461 3985 532 4066 quis
546 3981 630 4047 bello
645 3995 692 4044 est
705 3991 853 4064 expertus
868 3993 899 4042 et
913 3979 1006 4042 armis
1018 4005 1026 4060 ς
1185 3987 1245 4050 235

218 4084 308 4152 Multi
324 4107 380 4150 nos
393 4084 511 4172 populi,
526 4083 627 4150 multae
642 4084 695 4165 (ne
710 4095 811 4147 temne
826 4079 910 4167 quod
924 4080 1004 4146 ultro

220 4183 417 4254 Prael'erimus
431 4187 573 4254 manibus
587 4187 679 4251 vittas
694 4207 731 4250 ac
746 4185 844 4248 verba
863 4185 1036 4270 precantia)

519 4295 558 4351 3⁶2
