2936 5122
538 1013 903 1106 AENEIDOS

489 1285 625 1352 nisan
646 1283 952 1352 nuonsomus.
1129 1272 1182 1352 51
1201 1287 1247 1329 r«
1269 1294 1303 1314 -1
1337 1297 1340 1307 ·

201 1526 214 1591 ‘¹
228 1493 359 1559 Turnus
373 1503 407 1558 ut
420 1491 570 1556 infractos
585 1489 719 1556 adverso
735 1489 839 1555 Marte
853 1489 984 1556 Latinos

201 1596 205 1606 ’
227 1595 390 1662 Delecisse
405 1593 500 1675 videt,
514 1614 571 1658 sna
586 1613 666 1676 nunc
681 1595 836 1678 promissa
850 1595 984 1678 reposci,

228 1701 268 1764 Se
283 1699 397 1786 signari
410 1695 529 1777 oculis;
550 1693 631 1760 ultro
646 1695 855 1781 implacabilis
871 1694 970 1776 ardet,

226 1800 410 1883 Attollitqne
425 1799 555 1864 animos.
601 1797 763 1861 Paenorum
778 1796 878 1882 qualis
894 1799 925 1864 in
940 1797 1024 1862 arvis

229 1904 358 1968 Saucius
372 1901 426 1967 ille
440 1905 527 1992 gravi
542 1899 709 1964 venantnim
723 1899 851 1964 vulnere
865 1913 974 1986 pectus
1240 1910 1258 1966 ⁵

131 2011 139 2020 '
226 2005 309 2069 Tum
323 2004 448 2070 demum
463 2015 566 2068 movet
581 2024 669 2066 arma
685 2002 744 2081 leo,
758 2001 933 2088 gaudetque
948 2015 1107 2068 comantes

229 2108 400 2174 Excutiens
415 2107 539 2172 cervice
554 2120 648 2188 toros,
663 2106 819 2190 fixumque
835 2106 961 2172 latronis

229 2209 406 2296 impavidus
421 2208 534 2296 frangit
549 2207 654 2288 telum,
668 2221 700 2272 et
714 2209 817 2272 fremit
832 2231 887 2273 ore
901 2223 1051 2276 cruento:

229 2313 326 2378 Haud
342 2334 432 2378 secus
447 2333 581 2378 accenso
594 2310 697 2400 gliscit
711 2310 860 2376 violentia
875 2312 993 2377 Turno.

228 2417 310 2482 Tum
325 2417 370 2482 sic
385 2415 497 2481 affatur
511 2437 627 2502 regem,
638 2428 731 2497 atque
746 2417 790 2478 ita
804 2414 946 2480 turbidus
961 2417 1047 2494 infit:
1221 2426 1263 2487 id

230 2519 323 2585 Nulla
338 2539 425 2584 mora
440 2519 471 2584 in
486 2519 594 2583 Turno
609 2543 618 2598 ;
639 2516 717 2582 nihil
732 2531 778 2582 est
793 2517 877 2603 qudd
891 2518 978 2584 dicta
992 2535 1162 2590 retractent

230 2622 335 2710 ignavi
350 2619 509 2700 headan,
523 2641 581 2684 nec
597 2639 666 2704 quac
681 2619 831 2707 pepigere
845 2637 1000 2688 recusent.

228 2723 443 2814 congredior:
466 2725 514 2790 ier
529 2745 631 2804 sacra,
645 2737 743 2810 pater,
758 2738 790 2790 et
803 2727 933 2813 concipe
948 2729 1060 2796 foedus.

230 2831 291 2894 Aut
306 2825 366 2894 hle
381 2825 577 2892 Dardanium
592 2825 705 2892 dextra
719 2828 777 2892 sub
792 2829 930 2896 Tartara
944 2834 1062 2901 mittam

228 2929 430 2994 Desertorem
445 2929 528 2992 Asiae
544 2927 694 3008 (sedeant
708 2942 910 3018 spectentque
924 2934 1069 3020 Latini),
1221 2948 1260 3006 1⁵
1290 2937 1298 2956 ‘

229 3033 268 3097 Et
282 3031 366 3097 solus
380 3031 464 3096 ferro
478 3031 597 3096 crimen
610 3051 772 3096 commune
787 3034 949 3118 refellam3

227 3137 289 3200 Aut
305 3133 421 3200 babeat
434 3135 543 3214 victos,
557 3131 651 3198 cedat
665 3131 797 3200 Lavinia
812 3140 939 3224 conjnx.

268 3235 332 3302 Olli
347 3234 457 3300 sedato
470 3233 631 3320 respondit
646 3235 743 3301 corde
758 3235 910 3321 Latinus3

227 3337 257 3403 Ο
270 3349 421 3425 praestans
436 3336 530 3401 animi
540 3338 675 3423 juvenis,
689 3337 839 3424 quantiam
853 3341 920 3425 ipse
933 3342 1032 3408 feroci

226 3441 351 3508 Virtute
363 3459 544 3525 exsuperas,
557 3437 645 3504 tanto
658 3461 708 3505 me
722 3441 891 3528 impensids
905 3463 1028 3530 aequum
1043 3460 1090 3511 est
1217 3457 1258 3517 ΞΟ

227 3541 410 3620 consulere,
424 3556 519 3626 atque
532 3562 640 3606 omnes
654 3555 840 3610 metuentem
855 3547 1035 3632 expendere
1048 3568 1152 3615 casus.

227 3645 304 3710 Sunt
318 3644 375 3708 tibi
390 3663 486 3730 regna
500 3644 599 3728 patris
613 3642 812 3726 Dauni‚'sunt
827 3647 944 3733 oppida
958 3663 1053 3735 copta

228 3745 328 3812 lllulta
342 3768 456 3828 manu3
478 3767 536 3811 nec
551 3769 611 3812 non
626 3769 798 3834 aurumque
813 3750 993 3836 animusque
1009 3750 1123 3819 Latino
1138 3767 1203 3822 est:

228 3851 304 3916 Sunt
318 3849 388 3916 allae
403 3851 541 3936 innuptae
555 3850 649 3916 Latio
663 3864 694 3916 et
709 3851 917 3917 Laurentibus
932 3858 1025 3940 agris,

227 3951 295 4017 Nec
309 3973 406 4040 genus
420 3951 596 4018 indecores.
640 3955 714 4019 Sine
729 3977 778 4019 me
794 3954 862 4019 baec
877 3954 961 4021 baud
977 3957 1082 4024 mollia
1096 3959 1162 4029 satu
1217 3973 1256 4031 26

228 4053 364 4120 Sublatis
379 4058 504 4142 aperire
518 4054 618 4136 dolie;
640 4056 742 4120 auimo
757 4055 816 4120 hoe
832 4055 922 4121 simul
944 4057 1045 4126 hauri.

228 4157 281 4222 Me
295 4171 398 4226 natam
411 4157 490 4226 nulli
504 4172 643 4225 veterum
658 4161 780 4226 sociare
794 4181 960 4246 procomm
