2978 5124
671 526 787 590 trusa
806 529 857 590 lx.

227 666 239 691 ⁸
265 689 377 778 injicit,
392 700 423 754 et
437 683 517 752 saltu
532 706 625 774 supra
639 687 796 754 venabula
810 690 925 768 sertum

264 790 364 856 Haud
379 789 470 856 aliter
480 792 605 877 Juvenis
619 788 739 854 medios
753 793 919 856 moriturus
933 793 965 854 in
980 787 1083 854 hostes

263 893 367 972 lrruit,
383 906 413 958 et
427 892 489 978 qud
504 891 571 979 tela,
580 891 667 956 videt
681 890 862 958 densissima
876 892 986 957 tendit.
1231 899 1292 956 555

264 1000 307 1062 llt
320 996 455 1082 pedibus
469 995 559 1081 longe
574 995 685 1061 melior
699 995 817 1081 Lycus,
832 996 912 1060 inter
926 1009 957 1060 et
971 995 1085 1075 hostes,
1183 1053 1185 1068 ,

264 1101 349 1166 Inter
364 1111 395 1163 et
409 1121 506 1180 arma,
520 1099 593 1185 fuga
606 1119 711 1164 muros
724 1112 818 1178 tenet,
833 1099 958 1184 altaque
973 1112 1073 1164 cenat

265 1201 424 1268 Prendere
438 1215 521 1268 tecta
535 1221 637 1282 manu,
651 1201 833 1286 sociumque
847 1204 997 1290 attingere
1010 1203 1150 1268 deruas.

262 1307 364 1388 Quem
379 1307 511 1385 Turnus,
525 1309 645 1390 pariter
658 1327 749 1370 cursu
763 1305 888 1389 teloque
907 1318 1039 1384 secutus,

261 1407 410 1494 Increpat
423 1410 471 1473 his
485 1413 605 1473 victor:
626 1408 797 1473 Nostraene
812 1407 957 1488 evadere,
971 1406 1108 1487 demens,
1230 1411 1292 1472 ⁵60

262 1510 402 1596 sperasti
417 1523 448 1575 te
461 1531 552 1597 posse
567 1517 695 1576 manust
717 1511 814 1576 Simul
830 1513 939 1597 arripit
953 1515 1054 1596 ipsum

261 1611 463 1693 Pendentem,
477 1626 508 1676 et
522 1613 634 1699 magna
648 1613 728 1678 muri
741 1633 811 1677 cum
827 1627 917 1699 parte
932 1612 1073 1682 revellitt

260 1715 371 1798 Qualis
386 1717 441 1782 ubi
456 1731 508 1781 aut
523 1714 662 1800 leporem
676 1729 730 1779 aut
743 1715 889 1780 candenti
905 1737 1037 1801 corpore
1051 1735 1187 1800 cycnum

258 1819 388 1884 Sustulit
402 1817 466 1884 alta
479 1831 588 1904 petens
603 1817 736 1902 pedibus
749 1819 836 1882 lovis
851 1820 985 1905 armiger
999 1818 1103 1900 uncis;

255 1919 431 2003 Quasitum
445 1933 498 1986 aut
512 1922 603 1986 matri
617 1920 720 1986 multis
734 1921 892 1988 balatibus
908 1945 1020 2008 agrium
1230 1929 1291 1988 ⁵65

257 2023 392 2089 Martius
407 2046 427 2088 a
441 2023 569 2088 stabulis
584 2026 687 2110 rapuit
701 2025 801 2113 lupus.
847 2023 994 2110 Undique
1008 2025 1126 2092 clamor

258 2125 415 2193 Tollitur:
437 2126 596 2208 invadunt,
611 2139 641 2191 et
657 2129 754 2193 fossas
769 2150 882 2216 aggere
897 2129 1072 2217 complent3

257 2229 416 2296 Ardentes
430 2231 528 2296 tardas
542 2229 597 2294 alii
612 2229 654 2294 ad
668 2232 791 2317 fastigia
800 2235 933 2317 jactant.

256 2331 394 2397 llioneus
407 2353 485 2398 saxo
499 2345 592 2418 atque
606 2334 723 2418 ingenti
737 2334 888 2420 fragmine
903 2338 1014 2400 montis

256 2435 434 2515 Lucetium,
449 2448 548 2522 portur
562 2435 754 2514 subeuntem,
769 2437 915 2522 ignesque
930 2437 1100 2519 serentem3
1229 2443 1291 2500 570

256 2535 445 2602 Emathiona
459 2537 564 2624 Liger,
579 2538 769 2623 Corynaeum
783 2540 891 2604 sternit
905 2539 1037 2626 Asylas3

256 2639 327 2704 Hie
337 2639 443 2726 jaculo
457 2640 568 2720 bonius
582 2639 634 2704 hic
649 2638 739 2726 longe
754 2639 881 2706 fallente
896 2643 1026 2730 sagitta3

256 2741 425 2830 Ortygium
440 2742 584 2822 Caeneus,
597 2743 746 2808 victorem
762 2743 878 2810 Caenea
892 2744 1028 2826 Turnus,

255 2845 383 2910 Turnus
397 2845 490 2932 Itym,
505 2843 722 2929 Cloniumque,
735 2844 938 2932 Dioxippum,
957 2845 1205 2936 Promolumque,

254 2947 298 3013 Et
313 2948 465 3034 Sagarim,
479 2960 511 3012 et
524 2946 649 3012 summis
663 2959 794 3012 stantem
808 2969 866 3032 pro
881 2948 1016 3014 turribus
1031 2949 1126 3029 ldan,
1225 2957 1287 3018 575

256 3049 442 3116 Privernum
456 3049 586 3134 Capys:
609 3047 691 3114 huuc
706 3047 806 3134 primd
821 3049 898 3114 levis
913 3049 1003 3116 hasta
1017 3051 1157 3118 Temillae

255 3151 451 3217 Strinxerat:
473 3149 527 3215 ille
542 3171 677 3230 manum,
691 3151 831 3237 projecto
846 3153 989 3238 tegmine,
1003 3151 1130 3224 demens

253 3255 310 3322 Ad
324 3253 434 3320 vulnus
449 3252 538 3333 tulit3
559 3275 634 3338 ergo
648 3251 707 3316 alis
721 3252 843 3340 allapsa
857 3256 977 3342 sagitta,

255 3353 299 3422 Et
313 3356 392 3422 loevo
406 3355 512 3422 adfixa
526 3369 573 3420 est
588 3354 678 3420 lateri
693 3377 811 3439 manus,
825 3357 995 3444 abditaque
1010 3360 1092 3426 intus

254 3461 454 3546 Spuamenta
468 3462 578 3524 animae
593 3457 678 3522 letali
693 3460 822 3526 vulnere
835 3463 960 3548 rumpit.
1224 3469 1288 3529 580

254 3563 364 3629 Stabat
378 3567 412 3628 in
426 3563 558 3650 egregiis
571 3563 715 3628 Arcentis
730 3565 810 3630 lilius
825 3566 928 3647 muris,

253 3665 360 3732 Pictus
374 3687 435 3730 acu
448 3663 657 3752 chlamydem,
672 3680 703 3731 et
716 3668 872 3754 ferrugine
887 3668 992 3734 clarus
1006 3668 1107 3751 lbera,

253 3769 385 3856 Insignis
399 3770 491 3848 facie,
505 3773 627 3854 genitor
640 3791 734 3856 quem
748 3775 876 3836 miserat
890 3774 1024 3854 Arcens,

251 3869 411 3937 Eductum
425 3871 537 3936 Matris
552 3869 632 3952 luco,
648 3872 820 3958 Symoethia
834 3877 953 3940 circum

250 3971 408 4052 Flumina,
421 3973 541 4059 pinguis
554 3973 609 4038 ubi
624 3987 656 4038 et
669 3973 905 4060 placabilisara
920 3975 1031 4042 Palici.
1223 3987 1284 4055 585

250 4075 441 4142 Stridentem
456 4075 592 4156 lirndanr,
606 4077 713 4162 positis
728 4077 899 4144 Mezentius
914 4079 1021 4161 hastis,

250 4183 325 4270 lpse
339 4195 388 4250 ter
403 4179 541 4249 adducit
553 4184 673 4248 curum
687 4195 782 4270 caput
794 4185 857 4270 egit
871 4183 1006 4268 babenb,

554 4287 594 4348 39
