2978 5124
414 498 432 531 ⁵
628 499 744 562 LIBER
764 501 840 562 Vlll.

247 663 349 730 rana
363 661 444 728 mole
457 665 519 727 viri
535 660 823 747 turritispuppibus
837 663 963 726 instant.

246 769 382 854 Stuppea
396 765 521 830 flamma
535 785 639 844 manu,
653 763 784 850 telisque
799 762 927 828 volatile
942 764 1059 828 serrum

245 869 425 956 Spargitur:
448 887 525 932 arva
540 865 620 932 novi
635 866 793 953 Neptunia
807 865 896 931 caede
910 866 1089 932 rubescunt.
1217 869 1280 930 695

245 969 368 1058 Regina
382 969 541 1062 remediis
555 969 657 1055 patrio
671 982 763 1034 vocat
777 973 902 1056 agmina
916 973 1025 1050 sistro5

244 1075 388 1140 Necdum
403 1075 496 1138 etiam
509 1077 649 1160 geminos
664 1095 685 1138 a
698 1087 786 1160 tergo
800 1073 928 1158 respicit
942 1093 1068 1160 angues.
1143 1083 1149 1094 '

243 1175 513 1264 Omnigemimque
528 1175 622 1242 deilm
636 1189 783 1255 monstra,
798 1189 829 1238 et
844 1173 973 1240 latrator
986 1175 1116 1256 Anubis,

243 1279 363 1345 Contra
378 1279 555 1365 Neptunum
570 1291 602 1344 et
618 1279 786 1360 Venerem,
799 1291 970 1364 contraque
986 1279 1169 1362 Minervam,

242 1382 323 1448 Tela
338 1395 462 1448 tenent:
485 1385 571 1446 savit
585 1381 689 1447 medio
703 1385 736 1446 in
750 1383 919 1447 certamine
935 1382 1062 1447 Mavors
1216 1388 1277 1448 700

242 1485 381 1551 Caelatus
396 1485 489 1566 ferro,
503 1485 668 1570 tristesque
684 1507 723 1550 ex
738 1486 857 1550 ethere
873 1484 981 1566 Diras:

242 1587 284 1654 Et
297 1589 395 1678 scissis
408 1587 548 1676 gaudens
561 1589 649 1654 vadit
663 1587 833 1654 Discordia
848 1587 953 1676 pall:i;

241 1694 345 1774 Quam
359 1714 431 1757 cum
445 1693 614 1780 sanguineo
629 1695 769 1778 sequitur
784 1692 915 1758 Bellona
930 1691 1064 1779 flagello.

242 1796 352 1860 Actius
366 1795 435 1862 baec
449 1817 581 1862 cernens
595 1817 702 1862 arcum
717 1795 898 1861 intendebat
912 1794 1025 1880 Apollo

240 1897 405 1984 Desuper:
427 1902 528 1964 omnis
543 1919 581 1963 eo
596 1909 715 1964 terrore
731 1897 894 1985 AEgyptus,
909 1910 940 1962 et
955 1896 1032 1977 lndi,
1214 1903 1274 1962 705

240 2001 351 2066 Omnis
365 2001 479 2082 Arabs,
493 2023 601 2066 omnes
615 1999 780 2066 vertebant
794 2013 880 2086 terga
897 1999 1011 2064 Sabaei.

241 2103 313 2190 lpsa
327 2103 495 2168 videbatur
508 2103 608 2170 dentis
621 2106 731 2191 regina
745 2104 864 2168 vocatis

240 2206 326 2272 Vela
340 2205 429 2287 dare,
442 2219 474 2271 et
489 2206 577 2272 laxos
587 2208 654 2294 jam
664 2208 791 2294 jamque
806 2207 971 2270 immittere
985 2207 1085 2280 funes.

240 2308 330 2374 illam
346 2309 555 2390 intercades,
573 2308 739 2396 pallentem
754 2321 853 2372 morte
867 2307 979 2388 futuri,

239 2411 375 2476 Fecerat
390 2415 563 2498 ignipotens
578 2411 669 2478 undis
684 2425 715 2476 et
730 2413 849 2498 iapyge
864 2412 962 2476 serni:
1212 2419 1272 2478 710
1375 2435 1386 2456 ·

240 2514 360 2580 Conna
374 2529 477 2580 autem
491 2537 604 2602 magno
617 2528 800 2580 moerentem
813 2535 946 2600 corpore
962 2513 1076 2596 Nilum,

240 2615 495 2700 Pandentemque
510 2617 603 2697 sinus,
618 2630 649 2680 et
663 2615 728 2681 toti
742 2631 828 2696 veste
843 2631 1006 2682 vocantem

239 2717 418 2783 Carnicum
434 2722 465 2782 in
478 2721 631 2804 gremium
645 2717 864 2804 latebrosaque
880 2718 1006 2784 flumina
1020 2723 1131 2786 victos.

239 2824 281 2886 At
296 2821 416 2901 Caesar,
431 2821 545 2908 triplici
560 2825 700 2886 invectus
716 2819 858 2900 Romana
874 2819 1029 2908 triumpho

239 2923 433 3006 Moeniadis
448 2923 534 2988 italis
548 2937 653 2990 votum
667 2922 839 2988 immortale
855 2923 1011 3006 sacrabat,
1210 2931 1270 2990 rto

239 3027 383 3092 Maxima
397 3039 582 3092 tercentum
597 3037 693 3092 totam
707 3024 839 3092 delubra
853 3047 911 3112 per
924 3026 1045 3092 urbem.

238 3129 363 3196 Laetitia
378 3129 521 3215 ludisque
536 3133 596 3194 vise
607 3127 778 3214 plausuque
793 3129 983 3194 fremebant:

237 3232 392 3298 Omnibus
407 3231 438 3296 in
453 3230 576 3318 templis
589 3244 722 3296 mauum
736 3230 860 3310 chorus,
873 3232 1016 3296 omnibus
1032 3252 1113 3296 aras:

238 3337 321 3399 Ante
336 3354 409 3398 aras
424 3347 540 3400 terram
554 3335 628 3398 caesi
643 3331 782 3398 stravdre
792 3332 932 3418 juvenci.

238 3423 321 3522 lpse,
335 3435 447 3501 sedens
462 3439 554 3502 niveo
567 3435 730 3501 candentis
744 3434 854 3504 limine
866 3435 987 3516 Phoebi,
1211 3437 1272 3498 700

237 3539 333 3604 Dona
347 3543 543 3626 recognoscit
556 3539 750 3626 populorum,
765 3553 913 3626 aptatque
928 3538 1071 3626 superbis

238 3641 400 3707 Postibus:
423 3641 571 3706 incedunt
585 3642 674 3706 victae
691 3641 782 3728 longo
795 3641 905 3707 ordine
919 3654 1036 3728 gentes,

238 3745 341 3828 Quam
355 3749 452 3812 variae
469 3745 591 3832 linguis,
605 3746 713 3812 habitu
728 3761 791 3813 tam
806 3750 900 3812 vestis
916 3758 947 3810 et
961 3745 1075 3818 arma..

237 3848 305 3913 Hic
321 3847 499 3913 Nomadum
513 3870 610 3934 genus
624 3862 655 3913 et
668 3848 835 3914 discinctos
851 3848 1008 3912 Mulciber
1022 3847 1124 3930 Afros,

237 3949 305 4014 Hic
321 3949 467 4036 Lelegas,
481 3947 654 4034 Carasque,
669 3950 919 4036 sagittiferosque
933 3947 1080 4030 Gelonos,
1210 3956 1280 4038 ⁷90

239 4051 399 4118 Finxerat.
444 4052 621 4138 Euphrates
636 4052 702 4132 ibat
712 4053 777 4138 jam
792 4049 915 4114 mollior
929 4049 1028 4131 undis,

237 4155 443 4242 Extremique
458 4155 617 4222 hominum
632 4154 756 4236 Morini,
772 4151 961 4238 Rhenusque
976 4151 1124 4232 bicornis,
