2956 5132
615 479 901 542 GEORGiCORUM

269 625 436 714 Hospitiis:
459 627 573 691 tantirm
588 629 688 711 campi
698 626 805 711 jacet!
829 629 941 692 Omnia
955 647 1062 693 secum

268 735 477 798 Armentarius
492 731 568 796 Aser
583 735 653 818 agit,
667 747 854 817 tectumque,
870 735 1037 816 laremque,

167 851 171 860 '
269 840 436 922 Armaque,
451 839 701 922 Anyciaumque
716 859 837 916 mrtem,
853 838 1059 922 Cressamque
1074 837 1257 923 pharetram,

269 943 301 1006 N
302 967 341 1008 on
356 943 446 1008 secius
461 967 498 1007 ac
513 946 615 1030 patriis
630 965 703 1010 noer
718 944 878 1010 Romanus
892 946 923 1009 in
938 946 1029 1010 armis
1227 945 1289 1006 846

270 1050 383 1136 injusto
399 1050 454 1113 sub
466 1049 550 1114 fasce
565 1050 644 1116 viam
661 1071 754 1134 quum
769 1052 875 1136 carpit,
892 1064 923 1114 et
937 1050 1014 1116 busti
1268 1033 1276 1048 ⁶

272 1154 353 1218 Ante
369 1169 581 1240 exspectatum
596 1156 699 1240 positis
714 1170 773 1220 stat
787 1157 817 1220 in
833 1155 951 1240 agmine
967 1157 1083 1220 caruis.

314 1261 357 1324 At
373 1283 431 1324 non
448 1260 509 1346 quii
524 1261 657 1345 Scythia
673 1277 789 1346 gentes,
805 1262 988 1345 Mandaqm
1003 1261 1095 1338 undu,

270 1365 427 1429 Turbidus
442 1382 474 1430 et
488 1383 631 1450 torquens
645 1365 791 1430 flaventes
805 1367 883 1430 Ister
898 1387 1017 1442 arenas,
1226 1365 1292 1428 sto

271 1470 405 1556 Quique
421 1471 501 1536 redit
515 1474 649 1536 medium
665 1471 817 1556 Rhodope
834 1485 973 1555 porrecta
987 1471 1043 1534 sub
1059 1491 1162 1536 axem.

272 1576 337 1642 lilio
353 1579 455 1644 clausa
469 1591 573 1642 tonent
588 1576 710 1641 stabulis
725 1589 885 1654 armenta3
906 1597 1006 1660 neque
1023 1575 1090 1638 ulla

271 1687 334 1750 Aut
350 1686 451 1750 herba
466 1705 576 1768 campo
591 1697 746 1768 apparent,
763 1697 814 1747 aut
829 1683 937 1747 arbore
953 1682 1097 1748 frondeat

274 1790 338 1853 Sed
349 1790 434 1876 jacet
449 1790 607 1874 aggeribus
622 1789 717 1852 niveis
727 1787 863 1852 informis
878 1804 909 1853 et
923 1789 984 1853 alto

271 1893 373 1958 Terra
387 1894 457 1978 gelu
473 1892 543 1970 tate,
560 1905 739 1977 septemque
756 1893 883 1975 assurgit
897 1893 928 1956 in
945 1893 1051 1970 ulnas3
1227 1893 1289 1954 8δὸ

272 1997 404 2084 Semper
419 1995 528 2074 biems,
543 2019 664 2082 semper
679 1999 825 2081 spirantes
840 1996 950 2080 frigora
964 1999 1059 2062 cauri.

271 2102 355 2169 Tum
373 2103 426 2168 Sol
438 2106 585 2189 polientes
600 2103 681 2168 baud
698 2123 830 2187 unquam
845 2103 966 2168 discutit
979 2104 1119 2182 umbras;

272 2207 305 2272 N
306 2229 342 2272 ec
359 2219 452 2293 quum
467 2211 604 2308 invectus
618 2208 705 2293 equis
719 2209 813 2272 altum
828 2209 903 2292 petit
917 2208 1037 2284 auen,
1052 2229 1111 2273 nec
1127 2229 1219 2292 quum

271 2313 465 2400 Praecipitem
481 2315 600 2378 Oceani
616 2315 707 2377 rubro
721 2313 793 2377 lavit
808 2331 927 2397 equore
942 2333 1076 2378 currum.

271 2417 482 2482 Concrescunt
498 2419 601 2482 subite
616 2419 748 2480 currenti
765 2419 794 2480 io
810 2416 934 2480 flumine
949 2433 1067 2497 crusta,
1227 2419 1290 2484 860

269 2521 423 2608 Undaque
434 2523 501 2608 jam
516 2538 602 2605 tergo
617 2520 744 2586 serratos
758 2522 885 2586 sustinet
898 2522 999 2603 orbes,

271 2628 429 2714 Puppibus
444 2627 494 2691 illa
509 2626 592 2711 pride
607 2628 727 2712 patulis,
743 2649 822 2692 nunc
838 2629 956 2715 bospite
971 2632 1131 2716 plaustris:

270 2735 407 2819 AErsque
424 2735 571 2800 dissiliunt
584 2734 685 2819 vulgd,
701 2749 862 2821 vestesque
878 2737 1031 2820 rigescunt

271 2840 398 2918 tndutae,
413 2840 593 2924 ceduntque
610 2841 767 2904 securibus
781 2841 906 2906 humida
921 2843 1001 2920 vina,

270 2943 314 3010 m
328 2957 395 3008 tote
412 2945 540 3008 solidam
554 2946 584 3008 io
600 2945 729 3028 glaciem
744 2943 862 3010 vendre
877 2947 1003 3024 boone,
1228 2949 1289 3013 865

272 3050 424 3134 Stirinque
439 3050 570 3135 impexis
581 3051 713 3116 induruit
726 3051 847 3118 borrida
861 3052 973 3118 barbis.

269 3153 390 3218 Interea
405 3165 468 3218 toto
482 3173 542 3216 uon
558 3151 658 3218 sociiis
672 3155 746 3218 aiire
760 3153 874 3240 ningit:

270 3259 426 3324 intereunt
440 3260 577 3344 pecudes
589 3280 599 3336 ς
622 3273 700 3324 statu
714 3258 898 3324 circumfusa
912 3263 1026 3346 pruinis

271 3364 410 3452 Corpora
426 3386 535 3450 magna
550 3365 664 3444 boum3
687 3363 883 3452 consertoque
899 3369 1019 3450 agmins
1035 3372 1117 3434 cervi

269 3471 409 3557 Torpent
423 3471 504 3534 mole
519 3469 608 3549 norb,
624 3486 655 3534 et
670 3473 795 3536 summis
807 3474 859 3536 vix
874 3473 1016 3538 cornibus
1032 3487 1162 3542 esmant.
1229 3476 1293 3542 870

270 3571 339 3639 Hos
354 3597 413 3640 non
429 3576 570 3639 immissis
584 3576 719 3653 canibus,
735 3599 795 3642 non
809 3579 945 3643 cassibus
960 3570 1053 3655 ullis‚'

271 3677 453 3744 Punicoaeve
469 3681 581 3765 agitant
596 3682 721 3767 pavidos
736 3681 895 3748 formidine
910 3685 1031 3769 pinnae3
1124 3673 1127 3678 ¹

273 3781 337 3846 Sed
353 3782 461 3848 frustra
476 3785 647 3871 oppositum
662 3786 818 3852 trudentes
833 3802 957 3871 pectore
972 3800 1107 3851 montem
1151 3811 1154 3816 ·

271 3885 453 3952 Comminus
467 3890 646 3956 obtruuosot
661 3889 752 3968 ferro,
769 3893 959 3976 graviterque
974 3891 1135 3958 rudentes

271 3991 413 4070 Cedunt,
430 4009 460 4058 et
475 4017 584 4081 magno
599 3997 657 4061 lati
672 3997 805 4062 clamore
821 4003 984 4080 reportant.
1228 4001 1290 4062 sto

312 4098 373 4182 Ipsi
389 4100 418 4162 in
434 4097 563 4165 defossis
577 4104 728 4186 specubus
744 4123 851 4166 secura
863 4101 995 4166 subaltit

270 4203 341 4268 Otia
357 4221 449 4289 agunt
464 4204 554 4284 terri,
570 4221 774 4293 congestaque
790 4208 910 4289 roboro,
925 4223 1063 4294 totasque
