2914 5130
603 549 718 613 amun
737 553 785 614 lv.

209 711 311 780 Unum
325 725 420 778 eruta
433 708 548 800 pedem
560 711 680 795 vinclis,
695 713 726 778 in
740 727 826 780 veste
840 715 990 798 recincta,

207 817 354 884 Testatur
361 817 517 886 moritura
530 813 616 896 deos,
631 829 661 880 et
674 819 801 884 conscia
812 817 868 881 sati

205 918 337 986 Sidera:
359 933 433 1002 tum,
446 923 474 984 si
490 917 574 1004 quod
589 941 648 984 non
663 941 755 1006 aequo
769 917 888 984 ioedere
903 931 1044 984 amantes
1174 925 1235 984 ⁵20

207 1021 301 1088 Cure
314 1045 427 1088 numen
442 1021 547 1103 habet,
556 1021 735 1110 justumque
750 1043 927 1107 memorque
942 1033 1099 1110 precatur.

250 1125 321 1190 Nox
335 1139 413 1206 erat,
427 1139 459 1191 et
471 1125 628 1212 placidum
643 1127 817 1214 carpebant
831 1127 912 1192 lessa
923 1149 1066 1214 soporem

206 1227 350 1315 Corpora
363 1250 422 1315 per
435 1241 554 1311 terras3
575 1229 725 1316 silvaeque
740 1243 771 1293 et
785 1250 869 1294 saeva
883 1227 1026 1316 quierant

205 1331 365 1418 Equora3
386 1353 480 1417 quum
494 1331 598 1397 medio
612 1330 777 1396 volvuntur
791 1329 896 1396 sidera
911 1330 1017 1418 lapsu3

203 1433 308 1518 Quum
321 1447 407 1500 tacet
420 1437 517 1500 omnis
532 1457 628 1524 ager3
648 1435 795 1522 pecudes,
810 1437 964 1523 pictaeque
978 1433 1130 1514 volucres,
1173 1441 1235 1498 525

204 1537 345 1624 Quaeque
358 1535 446 1604 lacus
460 1537 522 1602 late
536 1537 681 1624 liquidos,
696 1561 827 1626 quaeque
842 1560 954 1626 aspera
968 1536 1068 1603 dumis

205 1639 292 1706 Rura
306 1653 421 1722 tenent,
435 1663 543 1706 somno
557 1641 665 1728 posito
681 1642 739 1706 sub
753 1655 844 1706 nocte
859 1641 961 1708 silenti

203 1743 360 1810 lenibant
373 1767 475 1826 curas,
490 1757 520 1809 et
534 1741 632 1809 corda
646 1741 744 1808 oblita
759 1743 918 1808 laborum:

202 1849 246 1914 At
260 1870 322 1912 uon
336 1845 445 1912 infelix
459 1847 554 1912 animi
571 1845 754 1926 Phoenissa3
774 1867 875 1933 neque
891 1867 1026 1932 unquam

201 1946 343 2013 Solvimr
356 1952 389 2013 in
403 1969 536 2028 somnos,
549 1947 687 2012 oculisve
701 1961 754 2012 aut
768 1961 895 2032 pectore
910 1960 1032 2012 noctem
1176 1955 1236 2012 530

201 2053 348 2137 Accipit:
371 2049 560 2136 ingeminant
572 2070 677 2128 curae3
698 2070 866 2135 rursusque
880 2069 1045 2136 resurgens

201 2153 299 2218 Saevit
312 2174 412 2233 amor,
425 2173 598 2238 magnoque
613 2154 730 2214 irarum
745 2149 872 2214 fluctuat
886 2163 974 2214 aestu.

203 2257 258 2320 Sic
273 2255 355 2321 aded
368 2255 489 2336 insistit,
502 2275 670 2340 secumque
686 2253 728 2316 ita
742 2251 839 2318 corde
858 2251 994 2317 volutat:

201 2357 253 2424 En
268 2355 345 2443 quid
359 2361 439 2444 agol
459 2377 605 2420 rursusne
619 2375 732 2442 procos
746 2355 837 2418 irrisa
851 2357 973 2439 priores

201 2459 383 2546 Experiar?
425 2457 662 2542 Nomadumque
676 2469 781 2542 petam
795 2457 953 2521 connubia
968 2453 1110 2542 supplex,
1171 2459 1234 2566 pili

201 2563 290 2646 Quos
304 2583 363 2648 ego
376 2565 435 2626 sim
448 2565 540 2625 toties
549 2561 617 2648 jam
630 2557 800 2646 dedignata
814 2561 941 2624 maritos
955 2564 968 2623 l

201 2664 318 2729 lliacas
331 2667 425 2749 igitur
439 2662 556 2727 classes
571 2675 664 2748 atque
679 2659 787 2726 ultima
802 2660 959 2742 Teucrdm

198 2768 295 2833 Jussa
310 2771 443 2852 sequar?
464 2766 576 2854 quinne
591 2764 709 2832 auxilio
718 2766 809 2852 juvat
824 2767 902 2830 ante·
912 2765 1041 2846 levatos,

197 2871 265 2936 Aut
278 2869 360 2934 bene
374 2865 459 2954 apud
473 2889 627 2933 memores
641 2867 756 2932 veteris
769 2877 830 2930 stat
844 2871 945 2954 gratia
959 2867 1055 2932 sacti?

195 2971 278 3054 Quis
293 2991 343 3035 me
358 2982 470 3052 autem,
483 2969 535 3034 lac
549 2968 641 3050 velle,
654 2971 757 3033 sinetl
778 2968 937 3034 ratibusve
951 2967 1095 3054 superbis
1170 2975 1233 3034 540

197 3073 337 3138 luvisam
352 3073 507 3157 accipiet?
550 3069 671 3150 Nescis,
686 3068 766 3135 heu!
789 3068 923 3156 perdita,
937 3069 1071 3140 necdum

198 3173 443 3240 Laomedontem
458 3178 553 3240 sentis
567 3174 705 3264 perjuria
719 3175 841 3260 gentis?

198 3277 285 3362 Quid
301 3282 389 3343 tuml
409 3275 477 3343 sola
491 3277 563 3366 luga
576 3289 688 3343 nautas
702 3278 876 3344 comitabor
892 3279 1044 3345 ovantes!

197 3383 251 3446 An
266 3379 376 3466 Tyriis
390 3381 535 3468 omnique
550 3403 643 3446 manu
657 3383 771 3468 stipata
785 3403 924 3447 meorum

197 3481 343 3548 luserarl
365 3497 395 3546 et
410 3504 487 3567 quos
502 3481 631 3547 Sidonia
645 3483 699 3548 vix
713 3485 791 3549 urbe
807 3483 916 3550 revelli
1171 3491 1232 3550 545

198 3583 321 3650 Rursus
334 3604 427 3673 agam
440 3585 563 3672 pelago,
577 3599 608 3651 et
621 3588 720 3652 ventis
735 3585 812 3653 dare
826 3588 897 3653 vela
907 3585 1050 3676 jubebo?

195 3687 283 3772 Quin
297 3709 429 3769 morere,
443 3702 476 3753 ut
490 3693 600 3756 merita
615 3713 658 3772 es,
672 3693 817 3780 ferroque
832 3707 939 3758 averte
953 3690 1105 3758 dolorem.

195 3791 261 3870 Tu,
276 3789 425 3878 lacrymis
440 3793 542 3857 evicta
556 3794 642 3874 meis,
657 3807 689 3859 tu
703 3795 804 3882 prima
819 3795 971 3860 furentem

195 3891 274 3972 His,
287 3914 447 3979 germana,
461 3892 550 3960 malis
564 3915 686 3976 oneras,
701 3909 794 3981 atque
809 3895 922 3982 objicis
940 3893 1030 3963 hosti·

193 3997 269 4062 Non
285 3995 374 4062 licuit
388 3995 516 4063 thalami
531 4012 692 4084 expertem
707 3999 773 4064 sine
787 3999 917 4064 crimine
932 4001 1029 4076 vitam
1168 4005 1231 4074 550

195 4097 324 4186 Degere
339 4121 425 4166 more
440 4102 525 4183 lerae,
539 4101 618 4168 tales
632 4125 689 4170 nec
705 4117 832 4190 tangere
847 4105 956 4169 curas!

197 4201 270 4268 Non
283 4217 412 4270 servata
426 4203 504 4270 tides
517 4205 617 4272 cineri
630 4205 784 4293 promissa
799 4205 953 4295 Sychaeo!

499 4313 540 4368 at
