2956 5132
656 545 772 611 utana
791 547 840 612 lll.

252 707 291 773 Et
305 719 396 794 pater
409 703 525 768 AEness
541 714 572 767 et
586 705 757 768 avemculus
771 707 889 769 excitat
903 703 1049 771 Hectori

292 807 387 874 Talia
400 805 554 872 surrdebat
568 804 758 892 lacrymans,
773 805 942 893 longosque
957 807 1062 873 ciebat

251 909 536 987 incassumfletus3
559 929 652 994 quum
667 929 737 972 sese
753 929 773 974 a
787 909 940 974 monibus
954 909 1050 974 heros
1222 913 1283 976 345

255 1012 426 1078 Priamides
440 1011 545 1077 multis
561 1011 704 1076 Helenus
718 1011 937 1076 comitantibus
952 1011 1053 1092 affert,

251 1121 463 1206 agnoscitque
477 1137 560 1195 suos,
574 1114 726 1201 letusque
741 1114 783 1180 ad
797 1115 906 1182 limina
919 1115 1014 1198 ducit,

251 1222 290 1286 Et
304 1218 436 1298 multllm
451 1219 610 1306 lacrymas
625 1219 725 1282 verba
739 1221 822 1283 inter
835 1217 956 1305 singula
970 1218 1081 1286 fundit.

250 1322 405 1404 Procedo,
421 1337 452 1388 et
465 1343 596 1408 parvam
610 1318 750 1410 Trojam,
765 1321 972 1408 simulataque
985 1327 1105 1410 magnis

250 1426 415 1512 Pergama,
430 1439 461 1490 et
475 1409 621 1490 arentem
630 1425 749 1490 Xanthi
764 1429 948 1514 cognomine
963 1429 1075 1520 usqum,
1220 1433 1284 1492 ³50

251 1528 404 1614 Agnosco,
419 1528 581 1612 Scaeaeque
596 1528 769 1614 amplector
782 1527 890 1595 limina
904 1541 1016 1616 portae.
1048 1567 1052 1572 ·

251 1629 319 1694 Nee
333 1653 395 1694 non
410 1642 441 1694 et
456 1629 575 1694 Teucri
590 1631 678 1695 socia
692 1631 783 1696 simul
798 1633 876 1696 urbe
891 1632 1053 1698 fruuntur:

249 1731 322 1796 lllos
336 1733 511 1818 porticibus
525 1755 585 1797 rex
600 1735 780 1819 accipiebat
793 1738 825 1800 in
841 1735 965 1822 amplis.

249 1835 343 1900 Aulai
358 1840 390 1900 in
406 1833 510 1899 medio
526 1834 670 1899 libabant
683 1837 797 1920 pocula
812 1837 944 1919 Bacchi,
962 1848 968 1854 “

247 1939 404 2026 impositis
419 1961 495 2003 auro
511 1927 657 2024 dapibus,
671 1951 859 2025 paterasque
874 1942 1034 2007 tenebant.
1222 1949 1283 2010 855

290 2043 427 2128 Jamque
442 2041 520 2121 dies,
535 2039 677 2126 alterque
692 2037 760 2106 dies
774 2046 938 2127 processit,
953 2056 984 2106 et
998 2063 1084 2108 aurae

249 2147 335 2214 Vela
350 2159 474 2226 vocant,
489 2143 670 2231 tumidoque
684 2145 810 2210 inflatur
824 2147 977 2210 carbasus
992 2157 1107 2212 austro.

247 2251 314 2316 His
329 2261 434 2316 vatem
447 2248 615 2337 aggredior
630 2248 733 2330 dictis,
748 2269 786 2313 ae
802 2248 878 2313 talia
893 2269 1019 2333 quaesoz

246 2355 442 2442 Trojugena,
456 2357 610 2440 interpres
624 2352 742 2434 divim,
757 2357 810 2438 qui
826 2355 952 2418 numina
968 2352 1090 2432 Phoebi,

243 2459 315 2542 Qui
331 2456 478 2543 tripodas,
492 2455 594 2521 Clarii
609 2456 723 2536 lauros,
739 2461 793 2542 qui
807 2454 913 2520 sidera
927 2458 1033 2538 sentis,
1221 2461 1283 2523 360

246 2561 290 2626 Et
306 2558 467 2624 volucrum
481 2557 611 2647 linguas,
626 2571 658 2623 et
670 2561 820 2644 praepetis
833 2555 938 2624 omina
952 2579 1072 2645 pennoe,

247 2661 332 2728 Fare
347 2684 406 2749 age
420 2661 568 2747 (namque
583 2681 707 2726 omnnem
721 2683 845 2726 cursum
860 2660 937 2726 mihi
952 2683 1104 2749 prospera
1118 2659 1198 2728 dixit

249 2762 398 2851 Relligio,
414 2777 445 2828 et
458 2766 563 2828 cuncti
578 2777 742 2828 suaserunt
755 2767 881 2828 numine
896 2762 962 2828 divi

246 2865 372 2932 ltaliam
386 2879 506 2952 petere,
521 2879 553 2931 et
566 2881 666 2932 terras
682 2879 803 2931 tentare
817 2865 977 2963 repqstas:

245 2969 322 3034 Sola
337 2992 460 3052 novum,
475 2969 624 3056 dictuque
639 2970 737 3049 naias,
753 2970 904 3054 Harpyia
919 2967 1048 3036 Celaeno
1220 2975 1281 3035 365

247 3073 429 3160 Prodigium
444 3077 538 3152 canit,
554 3085 585 3136 et
599 3075 703 3137 tristes
718 3071 878 3137 denuntiat
894 3075 968 3152 iras,

245 3175 500 3263 Obscoenamque
516 3177 654 3260 samem),
670 3196 739 3260 quae
754 3177 857 3261 prima
870 3173 1012 3259 pericula
1026 3175 1113 3240 vito?

245 3278 372 3360 Quidve
387 3301 520 3364 sequens
534 3291 636 3344 tantos
650 3280 767 3371 possim
782 3297 931 3362 superare
943 3275 1092 3342 labores?
1168 3287 1170 3292 ’

246 3381 317 3446 llic
331 3381 484 3462 Helenus,
497 3385 588 3446 cesis
602 3378 737 3467 primum
752 3377 793 3445 de
807 3401 894 3444 more
903 3381 1057 3467 juvencis,

243 3485 370 3550 Exorat
383 3505 495 3570 pacem
510 3482 627 3563 divum,
641 3486 797 3568 vittasque
811 3481 940 3546 resolvit
1221 3487 1282 3550 370

246 3590 374 3654 Sacrati
388 3591 511 3674 capitis,
526 3609 638 3672 meque
654 3585 695 3652 ad
710 3585 896 3665 molimina,
911 3584 1041 3663 Phoebe,

245 3691 322 3778 lpse
336 3711 428 3756 mansu
442 3690 538 3755 multo
552 3711 734 3777 suspensum
749 3693 875 3754 numine
889 3685 995 3766 ducit;

243 3795 353 3878 Atque
368 3793 436 3858 baec
451 3791 566 3858 deinde
576 3795 661 3886 canit
675 3791 782 3858 divino
797 3813 838 3857 ex
852 3811 907 3856 ore
920 3787 1069 3854 sacerdos
1081 3809 1089 3848 :

290 3895 374 3962 Nate
390 3895 460 3976 ded,
474 3917 547 3962 nam
561 3908 592 3962 te
606 3897 776 3984 majoribus
789 3897 837 3958 ire
851 3913 910 3978 per
924 3889 1020 3957 altum

240 3997 407 4084 Auspiciis
422 3997 694 4064 manifestalides:
716 3992 951 4061 siclatadedm
963 4015 1023 4059 rex
1218 3993 1278 4062 375

241 4100 391 4180 Sortitur,
406 4099 565 4186 volvitque
578 4100 684 4180 vices3
705 4101 733 4163 is
747 4097 878 4162 vertitur
891 4093 980 4160 ordo.

243 4205 356 4272 Pauca
370 4204 432 4272 tibi
447 4225 465 4269 e
480 4202 594 4284 multis,
608 4201 670 4290 qud
683 4203 778 4270 tutior
793 4197 916 4286 hospita
932 4197 1041 4268 lustres
