2914 5130
176 512 233 574 tut
619 505 806 570 munos

220 661 363 750 Respicit
377 666 542 728 instantem
556 673 653 750 tergo,
663 676 695 728 et
708 665 860 750 propiore
874 675 1040 731 tenentem.

219 765 276 832 llle
291 769 371 834 inter
384 787 558 854 navemque
571 769 654 856 Gym
669 767 877 855 scopulosque
890 783 1037 837 sonantes

222 869 519 938 Radititerlaevurn
533 873 672 953 interior,
687 872 1002 960 subitbquepriotem
1197 883 1260 942 170

220 973 374 1054 Praeterit,
389 988 420 1040 et
434 975 523 1040 metis
538 989 622 1040 tenet
635 993 763 1060 equom
776 989 842 1041 tuta
856 977 987 1042 relictis.

219 1076 301 1142 Tum
315 1075 393 1143 verb
406 1079 525 1144 exemit
534 1077 643 1164 juveni
657 1078 752 1144 dolor
762 1079 888 1144 ossibus
903 1084 1031 1168 ingens;

219 1182 288 1248 Nec
303 1183 455 1271 lacrymis
469 1185 602 1250 cenrbre
616 1205 725 1273 genem
746 1203 936 1272 segnemque
951 1187 1119 1268 Menoeten,

220 1285 346 1352 Oblitus
360 1287 547 1373 decorisque
562 1290 609 1354 sui
623 1289 805 1373 sociumque
820 1289 939 1369 salutis,

221 1389 256 1455 ln
272 1411 359 1456 mare
373 1395 568 1478 praecipitem
581 1395 680 1478 puppi
694 1391 842 1457 detttrbat
855 1392 898 1456 ab
912 1391 987 1456 altri.
1196 1401 1256 1459 175

221 1491 293 1578 lpse
306 1493 499 1582 gubernaclo
513 1508 617 1558 rector
631 1495 724 1575 subit,
739 1495 806 1580 ipse
820 1497 988 1582 magister:

220 1596 437 1683 Hortaturque
452 1601 546 1678 viros,
560 1598 746 1682 clavumque
761 1597 803 1664 ad
818 1597 922 1662 littora
936 1609 1072 1681 torquet.

221 1699 265 1762 At
278 1699 391 1784 gravis,
405 1713 439 1764 ut
453 1699 549 1764 fundo
562 1703 618 1763 vix
632 1699 758 1764 tandem
773 1699 914 1764 redditus
928 1701 991 1764 imo
1005 1711 1069 1780 est,¹

218 1801 291 1868 Jam
306 1806 419 1884 senior,
433 1801 620 1888 madidique
634 1803 733 1868 fluens
747 1803 778 1870 in
793 1816 889 1884 veste,
905 1803 1067 1885 Menoetes,

219 1901 346 1968 Summa
362 1904 440 1990 petit
453 1904 583 1990 scoprrh,
596 1903 880 1990 sicciqucinrupe
893 1903 1022 1970 resedit.
1196 1910 1258 1968 100

219 2003 308 2072 Illum
323 2021 354 2072 et
369 2006 526 2073 labentem
539 2007 656 2072 Teucri
671 2021 703 2071 et
715 2005 814 2072 risbre
829 2019 1008 2087 nutantem

219 2108 260 2174 Et
275 2109 373 2176 salsos
386 2109 490 2176 rident
503 2123 716 2176 revomentem
730 2123 860 2196 pectore
874 2109 996 2174 tinctio.

219 2213 287 2280 Hic
302 2213 373 2280 laeta
388 2217 536 2280 extremis
551 2235 623 2302 spes
637 2227 683 2280 est
698 2233 833 2280 accensa
847 2213 978 2292 duobus,

219 2319 365 2406 Sergesto
381 2317 608 2404 Mnestheique,
622 2320 718 2405 Gyan
731 2336 883 2404 superare
901 2328 1084 2382 monument.

219 2423 379 2508 Sergestus
393 2423 478 2508 capit
492 2422 563 2486 ente
578 2421 690 2502 locum
704 2421 894 2507 scopuloque
908 2419 1111 2506 propinquat:
1193 2423 1252 2482 185

104 2511 105 2518 ἵ
219 2522 288 2588 Nec
304 2524 367 2589 toth
382 2537 485 2590 tamen
501 2523 554 2588 ille
566 2525 653 2609 prior
666 2537 825 2610 pressurita
839 2523 967 2602 cerinh3

220 2625 313 2692 Parte
327 2625 423 2712 prior,
437 2637 559 2712 partem
573 2637 675 2690 roseo
688 2629 803 2711 punit
816 2623 929 2690 emula
944 2625 1063 2689 Pristis.

218 2730 261 2794 At
275 2727 379 2794 medii
393 2732 495 2793 socios
509 2727 657 2794 incedens
671 2747 751 2794 nave
765 2749 824 2813 per
834 2731 918 2814 ipsos

218 2833 375 2902 Hortatur
390 2831 590 2898 Mnestheum
633 2830 734 2911 Nunc,
748 2851 840 2912 nunc,
854 2830 1002 2918 insurgite
1021 2831 1127 2909 remis,

218 2935 372 3000 Hectorei
385 2935 472 3015 socii,
486 2933 592 3022 troje
607 2951 685 3018 quos
698 2944 782 2997 sorta
795 2931 943 3018 supremi
1193 2935 1253 2994 100

219 3036 335 3126 Delegi
349 3039 496 3104 comites:
519 3057 600 3102 ntunc
613 3035 686 3101 illas
700 3035 833 3122 promite
847 3037 939 3116 vires,

219 3141 310 3208 Nunc
326 3141 454 3220 animos,
468 3139 582 3224 quibus
597 3139 627 3204 in
641 3137 772 3203 Garun
786 3139 926 3225 syrtibus
939 3139 998 3217 uri,

220 3241 368 3329 Ionioque
382 3245 472 3322 mari,
486 3241 663 3326 Meleeeqae
677 3241 865 3326 sequacibus
878 3239 980 3306 undis.

219 3347 290 3416 Non
301 3347 369 3435 jam
383 3347 485 3433 prime
498 3357 572 3430 peto
586 3343 778 3424 Mnestheus,
791 3361 893 3426 neque
906 3341 1034 3408 vincere
1047 3353 1154 3406 certo:

218 3453 404 3536 Quanquam
418 3449 451 3513 ol
474 3442 1173 3534 sedsnpenmqournhocuepmnedeuru.
1194 3445 1254 3506 195

221 3557 387 3621 Extremus
401 3548 518 3636 pudent
531 3549 682 3616 rediisse:
705 3549 766 3614 hoc
780 3549 904 3630 vincite,
916 3550 1013 3630 cives,

219 3657 260 3724 Et
273 3655 440 3743 prohibete
454 3653 552 3720 nesse.
597 3649 661 3716 Olli
675 3653 843 3717 certamine
855 3673 977 3718 summo

219 3759 430 3826 Procumbunt
441 3781 450 3837 ς
472 3757 567 3822 vastis
581 3755 686 3820 tremit
700 3755 816 3820 ictibus
829 3774 914 3820 eree
927 3758 1052 3840 puppis,

220 3859 481 3943 subtrahiturque
495 3855 615 3922 solunte
635 3869 702 3921 tum
715 3854 829 3921 creber
843 3855 996 3922 anhelitus
1011 3869 1096 3922 erun

220 3961 380 4046 Aridaque
394 3979 451 4026 ore
465 3963 585 4044 quatit3
605 3957 701 4024 sudor
715 3957 932 4043 cornuque
946 3960 1031 4026 rivis.
1191 3963 1255 4023 200

261 4062 373 4130 Attulit
386 4065 453 4149 ipse
467 4065 544 4128 viris
555 4075 696 4149 optatum
709 4081 800 4128 curre
814 4061 985 4128 bonorem

219 4167 373 4251 Namque,
387 4165 493 4230 furem
508 4167 614 4245 animi,
628 4163 703 4236 dum
717 4185 843 4252 proram
857 4165 899 4231 ad
914 4184 994 4232 sexa
1006 4165 1157 4252 suburget
