2992 5102
199 477 234 545 id

538 486 718 562 eudone.
758 494 841 556 ECL.
862 493 910 558 lv.

234 648 418 741 Incultisque
434 655 544 722 rubens
555 661 700 742 pendebit
715 663 848 728 sentibus
860 686 928 742 uve,

237 754 280 821 Et
295 761 375 824 durae
392 781 522 847 quercus
537 761 688 827 sudabunt
701 767 822 831 roscida
837 768 939 832 mella.

236 862 342 930 Pauca
358 881 458 931 tamen
474 868 617 934 suberunt
631 871 737 954 prisce
753 874 878 958 vestigia
894 872 1017 951 fraudis,

236 967 314 1042 Que
331 983 446 1036 tentare
462 969 586 1036 Thetim
602 974 725 1052 retibus,
742 997 807 1059 que
820 979 943 1060 cingere
959 978 1052 1041 muris

177 1127 180 1146 ,
237 1074 370 1160 Oppida,
387 1099 451 1161 que
463 1078 596 1163 jubeant
604 1078 702 1142 telluri
718 1083 864 1145 infindere
881 1083 1005 1146 sulcos:

234 1180 321 1244 Alter
333 1183 389 1243 erit
404 1197 467 1246 tum
482 1176 612 1268 Tiphys,
629 1200 659 1248 et
675 1186 768 1251 altera
785 1207 850 1271 que
866 1188 958 1250 vehet
973 1189 1057 1269 Argo

186 1287 192 1298 '
235 1285 383 1350 Delectos
398 1288 528 1352 heroas:
551 1304 638 1352 erunt
654 1291 744 1354 etiarn
760 1292 855 1354 altera
871 1292 961 1368 bella,

234 1391 336 1476 Atque
353 1395 460 1456 iterum
477 1394 516 1458 ed
530 1392 657 1478 Trojem
673 1415 800 1478 magnus
817 1397 949 1458 mittetur
965 1394 1112 1460 Achilles.

279 1495 371 1574 Hinc,
388 1500 437 1562 ubi
448 1499 514 1590 jam
529 1501 645 1564 firmata
660 1501 755 1562 virum
772 1513 802 1562 te
820 1497 927 1562 fecerit
941 1513 1024 1577 etas,
1044 1489 1046 1492 ¹

235 1601 337 1666 Cedet
352 1606 461 1689 etipse
478 1605 553 1669 mari
569 1619 683 1682 vector,
699 1625 758 1666 nec
774 1605 893 1666 nautica
910 1605 999 1688 pinus

235 1705 365 1772 Mutabit
379 1729 498 1772 merces
514 1729 525 1786 3
546 1710 644 1772 omnis
660 1707 739 1772 seret
753 1710 854 1772 omnia
870 1708 982 1771 tellus:

232 1812 303 1876 Non
320 1827 430 1878 rastros
445 1815 574 1898 patietur
589 1815 709 1892 humus,
725 1836 784 1878 non
800 1815 889 1878 vinee
900 1812 1032 1893 falcem3

233 1917 390 1982 Robustus
406 1941 527 2003 quoque
536 1920 601 2006 jem
617 1922 710 1984 tauris
720 1921 795 2006 juge
810 1921 907 1984 solvet
922 1931 1042 1983 arator:

233 2020 303 2086 Nec
319 2026 416 2087 varios
431 2024 527 2088 discet
543 2025 661 2088 mentiri
677 2025 746 2088 lene
763 2025 905 2105 colores3

231 2126 302 2213 Ipse
319 2128 417 2192 sedin
432 2129 525 2212 pratis
541 2130 619 2192 eries
629 2129 694 2214 jem
711 2129 803 2192 suave
820 2129 939 2194 rubenti

230 2229 362 2310 Murice,
373 2233 437 2319 jam
453 2253 565 2296 croceo
581 2233 707 2296 mutabit
722 2233 834 2296 vellera
850 2233 938 2312 luto;

233 2337 348 2424 Sponte
364 2336 420 2401 sui
434 2338 551 2420 sandyx
566 2349 727 2420 poscentes
743 2338 850 2400 vestiet
865 2357 970 2420 ugnos.

274 2444 363 2507 Talia
376 2443 475 2519 secla,
491 2445 552 2506 suis
568 2443 719 2518 dixerunt,
733 2442 855 2517 currite,
873 2439 946 2503 fusis

232 2547 412 2613 Concordes
427 2548 521 2611 stabili
539 2546 667 2611 satorum
680 2546 803 2611 numine
821 2542 940 2607 Parce.

274 2653 452 2736 Aggredere
468 2674 487 2714 o
503 2671 638 2732 magnos,
655 2649 753 2712 aderit
762 2649 827 2734 jem
842 2663 973 2732 tempus,
986 2647 1126 2729 honores,

231 2752 314 2821 Care
329 2756 420 2819 derirn
437 2757 566 2832 soboles,
584 2775 726 2838 magnum
741 2753 826 2816 Joris
841 2753 1062 2816 incrementum
1077 2755 1085 2818 Ξ

229 2864 364 2946 Adspice
381 2882 520 2929 convexo
534 2873 688 2923 nutantem
705 2859 841 2941 pondere
856 2857 1016 2936 mundum,

229 2967 415 3052 Terraeque,
431 2981 604 3048 tractusque
621 2964 722 3041 maris,
737 2965 910 3048 coelumque
928 2961 1130 3048 profundum3

228 3076 376 3158 Adspice,
391 3086 518 3136 venturo
533 3071 669 3134 letentur
686 3085 717 3132 ut
732 3071 832 3134 omnin
850 3069 950 3133 seclo.

272 3181 303 3244 O
318 3180 389 3244 mihi
405 3191 467 3241 tam
484 3176 578 3259 longe
596 3191 715 3240 maneat
733 3197 802 3260 pars
817 3175 922 3238 ultima
938 3174 1016 3252 vite,

230 3285 359 3371 Spiritus
375 3296 416 3359 et,
432 3279 576 3366 quantiam
590 3294 636 3342 set
651 3281 707 3342 erit
723 3291 773 3342 tua
786 3278 889 3342 dicere
904 3276 982 3342 sacta
997 3279 1005 3340 !

225 3390 297 3456 Non
314 3411 362 3454 me
378 3385 560 3452 carminibus
577 3385 677 3447 vincet
692 3405 751 3448 nec
766 3383 919 3447 Thracius
935 3377 1111 3464 Orpbeus„¹
1209 3382 1248 3440 55

229 3494 299 3560 Nec
315 3493 432 3557 Linus:
456 3489 525 3553 huic
542 3502 638 3552 mater
654 3489 803 3573 quamvis,
814 3503 903 3572 etque
914 3486 1091 3569 buicpeter,
1108 3481 1207 3562 edsit3

231 3600 357 3686 Orphei,
374 3595 556 3678 Calliopea3
579 3591 668 3668 Lino,
685 3593 833 3658 formosus
856 3591 988 3676 Apollo:

230 3706 297 3770 Pan
314 3705 404 3768 etiam
416 3697 551 3765 Arcadii
566 3719 688 3762 mecum
704 3701 727 3762 si
739 3699 845 3784 judice
860 3710 969 3773 certet,

228 3810 296 3873 Pan
313 3810 401 3874 etiam
419 3803 554 3871 Arcadii
569 3805 651 3868 dicet
666 3825 699 3868 se
710 3805 816 3891 judice
830 3806 954 3867 victum.

273 3912 389 3998 Incipe,
405 3935 497 3997 parve
512 3933 598 3998 puer,
611 3911 671 3973 risu
684 3929 870 3993 cognoscere
886 3919 1034 3983 metrem3
1210 3908 1251 3968 60

230 4020 321 4086 Matri
336 4019 426 4100 longe
441 4020 551 4080 decem
566 4017 697 4080 tulerunt
713 4013 832 4078 fastidia
847 4030 989 4077 menses:

228 4125 345 4208 Incipe,
362 4143 453 4207 parve
469 4141 567 4205 poert
589 4122 637 4185 cui
654 4141 713 4184 non
728 4118 822 4184 risere
837 4132 989 4204 parentes,

232 4231 301 4296 Nec
317 4230 394 4294 deus
408 4227 488 4292 hunc
501 4225 617 4305 menei,
633 4212 693 4290 den
708 4247 766 4293 nec
782 4226 903 4311 dignate
919 4221 1010 4289 cubili
1027 4234 1084 4286 eet.
