2914 5130
615 525 732 588 LIBER
750 527 813 586 Vll.

221 691 452 778 Laurentisque
467 689 510 756 ab
525 685 564 753 ei
578 709 690 754 nomen
705 689 844 774 posuisse
859 685 988 752 colonis.

220 800 326 885 Hujus
341 817 417 882 apes
432 815 584 859 summum
598 791 702 857 densa
714 789 872 872 (mirabile
883 789 1004 873 dictu),

185 932 197 952 ··
219 900 361 966 Stridore
376 901 494 985 ingenti
509 893 659 982 liquidum
674 907 760 958 trans
774 893 892 958 aethera
907 907 1017 973 vecta,

220 1003 387 1069 obsedere
402 1004 524 1088 apicem
536 1025 546 1080 3
567 1013 608 1078 et,
622 997 754 1084 pedibus
768 1017 826 1082 per
840 1010 944 1062 mutua
958 995 1057 1075 nexis,

222 1105 364 1172 Examen
379 1105 513 1170 subitum
528 1123 616 1167 ramo
627 1101 789 1166 frondente
803 1101 962 1185 pependit.

217 1205 379 1274 continuo
393 1220 491 1285 vates,
506 1206 678 1270 Externum
693 1206 859 1282 cernimus,
874 1204 980 1289 inquit,

222 1311 405 1377 Adventare
421 1309 530 1388 virum,
545 1319 576 1370 et
589 1319 696 1392 partes
710 1318 818 1391 petere
833 1326 943 1391 agmen
963 1303 1090 1370 easdem

224 1413 372 1480 Partibus
387 1433 428 1476 ex
443 1411 553 1489 isdem,
566 1422 598 1474 et
612 1409 731 1473 summit
745 1407 937 1472 dominarier
951 1429 1037 1472 arce.

225 1515 392 1594 Praeterea,
407 1513 502 1578 castis
517 1511 622 1576 adolet
636 1510 710 1574 dum
725 1511 838 1575 altario
854 1509 950 1590 tedis,

225 1617 268 1682 Ut
277 1621 371 1706 juxta
384 1616 556 1704 genitorem
571 1613 674 1680 adstat
688 1614 823 1680 Lavinia
837 1617 936 1700 virgo,

164 1775 166 1782 ,
225 1719 305 1785 Visa
319 1719 435 1801 (nefas)
451 1717 549 1804 longis
563 1717 788 1802 comprendere
803 1717 940 1782 crinibus
955 1720 1068 1802 ignem,

226 1823 330 1906 Atque
344 1841 469 1884 omnem
483 1833 626 1883 ornatum
641 1816 765 1884 flammi
779 1819 951 1903 crepitante
966 1819 1121 1898 cremari3

225 1921 427 2009 Regalesque
442 1943 576 1986 accensa
590 1941 706 1998 comas,
721 1941 855 1986 accensa
869 1943 1019 1986 coronam

228 2027 383 2112 Insignem
397 2028 548 2112 gemmis3
569 2038 633 2089 tum
648 2024 766 2089 fumida
780 2024 893 2090 lumine
909 2025 994 2091 solvo

228 2130 360 2208 lnvolvi,
376 2149 413 2192 ac
429 2129 500 2191 totis
517 2127 694 2192 Vulcanum
710 2149 857 2213 spargere
871 2131 972 2192 tectis.
1044 2163 1132 2209 W..-

228 2231 264 2296 ld
280 2229 356 2298 verit
372 2227 560 2294 horrendum
575 2249 613 2294 ac
629 2229 696 2292 visu
711 2229 854 2294 mirabile
869 2231 965 2294 ferri:
998 2231 1002 2246 ’

229 2333 373 2419 Namque
389 2332 456 2396 fore
471 2330 620 2396 illustrem
636 2329 867 2417 sanctitatisque
882 2331 1039 2396 canebant

228 2439 352 2525 lpsam3
374 2435 430 2500 sed
445 2434 561 2521 populo
576 2457 718 2522 magnum
733 2436 921 2521 portendere
936 2436 1062 2502 bellum.

230 2544 270 2605 At
284 2563 353 2620 rex,
368 2537 516 2603 sollicitus
531 2539 683 2618 monstris,
697 2539 825 2603 oracula
841 2539 941 2605 Fauni

231 2642 365 2708 Fatidici
379 2642 529 2728 genitoris
543 2639 619 2720 adit,
634 2639 781 2726 lucosque
797 2641 855 2706 snb
870 2641 933 2706 alti

231 2744 374 2810 Consulit
389 2741 542 2822 Albuneti,
552 2763 712 2808 nemorum
726 2765 797 2830 quta
812 2746 946 2809 maxima
962 2768 1054 2811 sacro

232 2847 330 2912 Fonte
345 2858 445 2924 sonat,
458 2865 633 2930 seramque
648 2844 777 2910 exhalat
791 2867 891 2932 opaca
906 2848 1077 2934 mephitim.

230 2952 319 3016 Hinc
336 2949 423 3014 ltalae
438 2961 554 3034 gentes,
568 2952 729 3035 omnisque
743 2949 886 3014 OEnotriu
901 2950 1001 3031 tellus,

233 3053 266 3118 ln
281 3053 387 3120 dubiis
401 3073 551 3138 responsa
565 3066 684 3138 petunt.
728 3055 802 3118 Huc
818 3053 900 3120 dona
915 3045 1063 3121 sacerdos

233 3158 335 3240 Quum
351 3155 430 3236 tulit,
444 3170 476 3220 et
489 3177 642 3222 casarum
656 3157 759 3222 ovium
774 3157 832 3220 sub
846 3171 937 3222 nocte
956 3158 1057 3224 silenti

235 3260 373 3326 Pellibus
387 3259 528 3322 incubuit
541 3259 653 3338 stratis,
667 3280 851 3345 somnosque
865 3262 982 3346 petivit,

234 3361 335 3426 Multa
350 3359 452 3426 modis
466 3359 633 3426 simulacro
647 3360 733 3426 videt
747 3360 907 3427 volitantia
921 3363 1016 3444 miris,

233 3463 274 3530 Et
287 3466 395 3530 varias
410 3462 497 3528 audit
512 3483 615 3543 voces,
628 3463 799 3549 fruiturque
813 3464 943 3529 deorum

235 3564 410 3650 Colloquio,
425 3577 519 3649 atque
533 3565 601 3629 imis
616 3563 796 3632 Acheronta
811 3565 922 3630 affatur
935 3568 1078 3632 Avernis.

235 3669 299 3736 llic
315 3685 349 3734 et
364 3682 427 3733 tum
441 3682 532 3754 pater
546 3671 615 3754 ipse
628 3682 736 3754 petens
750 3691 898 3756 responso
913 3669 1043 3736 Latinus

236 3771 370 3838 Centum
384 3769 542 3857 lanigeras
555 3771 715 3837 mactabat
729 3773 789 3836 rite
802 3771 957 3854 bidentes,

237 3874 338 3960 Atque
355 3873 468 3938 harum
482 3871 603 3939 effultus
618 3887 704 3960 tergo
719 3875 882 3959 stratisque
895 3876 1024 3961 jacebat

238 3975 430 4043 Velleribus.
476 3977 586 4042 Subita
600 3998 641 4042 ex
656 3976 721 4042 alto
734 3999 797 4042 vox
811 3977 935 4043 reddita
951 3979 1021 4044 luco
1035 3993 1100 4048 cst:

238 4075 284 4143 Ne
298 4092 371 4165 pete
385 4078 547 4144 connubiis
562 4091 668 4144 natam
681 4079 802 4146 sociare
816 4079 945 4160 Latinis,

238 4179 267 4244 Ο
280 4203 350 4250 mea
364 4181 698 4271 progenies,.tbalamis
711 4203 773 4250 neu
786 4182 882 4250 crede
897 4185 1033 4272 paratis:

1194 893 1258 954 εδδ
