2914 5130
191 471 248 534 192
633 469 821 530 AENEIDOS

225 623 332 690 Flecte
345 625 428 690 viam
442 620 532 688 velis.
574 621 624 687 An
639 625 679 688 sit
692 622 770 688 mihi
783 624 900 710 gratior
912 621 987 706 ulla,

224 727 335 812 Qudve
350 730 447 814 magis
461 727 558 792 fessas
568 740 671 813 optem
686 727 847 792 demittere
862 749 967 808 naves,

224 831 325 916 Qudm
339 853 408 918 quae
422 829 619 896 Dardanium
634 830 724 895 tellus
738 829 815 895 mihi
829 845 933 895 servat
946 834 1091 911 Acesten,
1205 837 1245 898 30

224 933 266 999 Et
278 937 375 1022 patris
389 932 535 999 Anchisae
550 936 669 1020 grando
683 931 898 1018 complectitur
911 937 1003 998 ossat

223 1039 307 1103 Haec
321 1039 376 1104 ubi
390 1037 483 1118 dicta,
498 1047 604 1123 petunt
618 1050 734 1122 portus,
749 1049 781 1101 et
794 1035 865 1100 vela
880 1035 1009 1101 secundi

224 1138 388 1206 lntendunt
402 1138 563 1226 Zephyri:
586 1139 683 1202 fertur
696 1142 759 1203 cita
772 1142 892 1226 gurgite
907 1137 1036 1219 classis3

223 1241 265 1308 Et
279 1243 402 1309 tandem
418 1242 479 1322 laeti
493 1255 572 1307 notae
587 1241 789 1306 advertuntur
803 1261 917 1308 arene.

265 1347 308 1412 At
321 1343 430 1433 procul
445 1343 570 1410 excelso
585 1347 712 1409 miratus
726 1347 845 1408 vertice
859 1347 971 1408 montis
1205 1351 1245 1409 35

222 1447 399 1518 Adventum
413 1449 576 1532 sociasque
590 1457 683 1526 rates,
697 1447 833 1510 occurrit
846 1449 985 1539 Acestes,

223 1550 382 1617 Horridus
397 1553 429 1616 in
438 1549 551 1638 jaculis
566 1561 596 1614 et
610 1547 693 1636 pelle
708 1547 883 1635 Libystidis
897 1568 998 1627 ursae3

221 1651 320 1718 Troia
333 1652 468 1718 Crimiso
481 1663 664 1738 conceptum
679 1651 803 1717 flumine
817 1665 917 1718 mater

221 1755 322 1839 Quem
336 1755 452 1843 gentiit.
494 1753 646 1820 Veterum
660 1775 722 1818 non
736 1757 897 1818 immemor
911 1751 964 1817 ille
978 1753 1151 1840 parentino,

221 1857 369 1922 Gratatur
382 1855 533 1937 reduces3
555 1867 586 1920 et
599 1857 678 1944 gaad
692 1855 780 1920 laetus
794 1857 909 1943 agresti
1203 1863 1244 1922 40

221 1959 358 2046 Excipit,
373 1981 410 2024 ac
426 1959 523 2024 sessos
537 1959 648 2045 opibus
663 1957 782 2023 solatur
794 1961 915 2023 amicis.
1102 1963 1104 1970 '

264 2063 392 2128 Postera
405 2083 499 2148 quum
512 2065 613 2148 primo
627 2060 731 2126 stellas
745 2063 863 2125 oriente
878 2061 1010 2148 sug-trae

219 2163 319 2231 Clara
332 2164 409 2246 dies,
423 2169 524 2230 socios
539 2169 570 2229 in
584 2178 699 2230 coetum
712 2163 815 2231 littore
830 2165 872 2230 ab
886 2168 968 2229 omni

220 2267 364 2334 Advocat
378 2265 501 2348 AEneas‚
516 2266 684 2352 tumulique
699 2289 739 2332 ex
754 2265 866 2356 aggere
881 2267 979 2332 tanin

219 2367 412 2436 Dardanide
427 2373 540 2457 magni,
553 2393 649 2456 genus
664 2370 726 2435 alto
742 2393 761 2436 a
775 2376 923 2460 sanguine
937 2371 1053 2452 divdm,
1201 2374 1240 2440 45

220 2475 347 2540 Annuus
361 2475 482 2538 exactis
496 2471 667 2558 completur
680 2473 838 2539 mensibus
853 2475 948 2556 orbis,

220 2573 270 2638 Ex
285 2595 346 2658 quo
359 2573 506 2658 reliquias
521 2573 681 2660 divinique
695 2595 766 2639 ossa
780 2580 918 2660 parentis

219 2675 426 2742 Condidimus
442 2675 533 2758 terrd,
543 2691 727 2764 moestasque
742 2683 934 2746 sacravimus
949 2703 1031 2747 aras.

217 2777 352 2866 Jamque
366 2779 444 2860 dies,
458 2783 490 2844 ni
505 2779 606 2862 lallor,
621 2781 719 2862 adest,
735 2804 827 2868 quem
841 2806 965 2870 semper
980 2787 1137 2869 acerbum,

217 2883 349 2969 Semper
362 2882 545 2948 honoratum
558 2883 618 2966 (sic
632 2884 668 2949 dt
681 2885 833 2972 voluistis)
852 2887 989 2956 habebo.
1201 2899 1241 2957 50

217 2985 314 3051 Hunc
329 3007 386 3074 ego
400 2985 529 3052 Gaetulis
544 3007 669 3073 agerem
683 2991 710 3052 si
724 2991 862 3076 syrtibus
877 2991 975 3074 exsul,

216 3087 403 3176 Argolicove
418 3091 497 3153 mari
512 3087 699 3175 deprensus,
706 3105 737 3156 et
751 3093 830 3158 urbe
845 3095 1009 3183 Mycente3

215 3194 329 3257 Annua
342 3205 415 3256 vota
430 3203 531 3257 tamen
546 3192 760 3280 solemnesque
774 3195 884 3262 ordine
901 3221 1031 3286 pompas

216 3295 425 3380 Exsequerer‚
439 3307 649 3382 strueremque
664 3301 727 3362 suls
743 3297 854 3365 alteria
869 3301 969 3367 donis.

214 3395 306 3462 Nunc
319 3395 400 3460 ultro
414 3395 456 3462 ad
470 3399 591 3462 cineres
606 3400 702 3484 ipsius
717 3412 748 3465 et
762 3423 833 3468 ossa
847 3407 995 3489 parentis,
1198 3413 1237 3472 55

215 3498 314 3565 Haud
329 3499 474 3585 equidem
488 3501 554 3566 sine
569 3517 681 3584 mente,
695 3525 778 3587 reor,
792 3509 859 3572 sine
874 3511 997 3574 numine
1012 3507 1129 3592 divrim,

214 3601 379 3682 Adsumus,
394 3614 425 3666 et
438 3615 545 3688 portus
560 3603 655 3669 delati
670 3609 819 3672 intramus
834 3613 963 3675 amicos.

214 3703 298 3789 Ergo
313 3707 404 3790 agite,
419 3715 450 3766 et
464 3703 567 3770 laetum
581 3713 684 3772 cuncti
700 3709 894 3774 celebremus
911 3712 1077 3778 honorem:

215 3807 384 3874 Poscamus
397 3820 514 3889 ventos,
529 3821 622 3895 atque
638 3813 706 3876 lroec
722 3835 771 3878 me
785 3834 875 3879 sacra
890 3819 1056 3900 quotannis

214 3907 304 3973 Urbe
318 3907 391 3973 velit
405 3911 505 3996 positd
520 3913 642 4000 templis
657 3915 717 3980 sibi
732 3916 815 3980 serre
829 3917 953 3981 dicans.
1198 3927 1240 3984 60

215 4007 295 4074 Bina
315 4009 409 4076 boum
423 4013 513 4077 vobis
527 4015 624 4103 Trojd
637 4031 800 4108 generatus
815 4021 943 4084 Acestes

211 4108 278 4175 Dat
290 4133 419 4188 numero
433 4119 539 4200 capita
552 4121 583 4184 in
598 4139 710 4188 naves:
734 4120 882 4188 adhibete
897 4121 1028 4188 Penates
