2936 5122
143 520 202 578 360
586 517 775 578 mttmnos

186 671 318 752 Lucem,
333 685 364 736 et
378 671 458 738 taevo
472 672 630 758 dependet
644 696 754 760 parma
768 671 906 740 lacerto:

186 774 395 855 Orsilochum,
410 776 527 862 fugiens
542 797 749 862 magnumque
764 780 880 863 agitata
895 798 952 862 per
966 775 1085 859 orbem,

187 877 294 944 Eludit
307 901 388 966 gyro
403 880 538 960 interior,
553 882 754 968 sequiturque
768 895 960 964 sequentem.
1162 890 1229 950 69⁵

186 982 268 1047 Tum
283 982 422 1048 validam
436 1004 556 1067 perque
572 1005 659 1050 arma
675 985 743 1050 viro
758 1007 877 1070 perque
892 1005 963 1050 ossa
977 987 1121 1062 securim,

186 1085 289 1150 Altior
304 1105 484 1172 exsurgens,
496 1089 599 1150 oranti
615 1101 646 1150 et
660 1086 756 1150 multa
771 1089 912 1172 precanti

187 1187 414 1274 Congeminat;
437 1187 547 1256 vulnus
562 1187 667 1254 calido
682 1193 763 1275 rigat
777 1211 834 1256 ora
848 1191 991 1255 cerebro.

229 1289 342 1355 Incidit
357 1290 441 1370 huic,
455 1291 618 1376 subitoque
634 1291 786 1378 adspectu
801 1295 924 1358 territus
940 1285 1038 1374 hesit,

185 1396 442 1484 Appenninicolae
458 1397 592 1462 bellator
607 1398 686 1464 filius
701 1399 793 1478 Armi,

187 1499 285 1567 Haud
301 1501 451 1588 Ligurum
467 1513 634 1579 extremus,
648 1500 722 1566 dum
737 1501 847 1568 fallere
861 1502 926 1568 lata
940 1502 1093 1570 sinebant.

188 1605 291 1688 Isque,
305 1604 360 1668 ubi
375 1625 409 1667 se
424 1602 509 1668 nullo
519 1605 585 1690 jam
600 1625 692 1668 cursu
708 1603 845 1668 evadere
860 1625 971 1690 pugnae

188 1710 295 1789 Posse,
308 1729 409 1792 neque
424 1710 589 1772 instantem
603 1710 744 1793 reginam
759 1723 913 1788 avertere,
932 1707 1043 1786 cernit,

187 1811 328 1878 Consilio
344 1832 471 1876 versare
486 1809 574 1874 dolos
589 1811 745 1895 ingressus
758 1823 790 1876 et
805 1825 883 1890 astu,

187 1917 301 2001 Incipit
315 1913 403 1978 baec=
426 1911 511 1995 Quid
527 1926 590 1978 tam
605 1917 773 2000 egregium,
786 1918 814 1978 si
828 1915 954 1978 loemina
968 1914 1042 1978 sorti

188 2015 275 2086 Fidis
291 2021 392 2102 equol
413 2017 532 2081 dimitte
547 2017 706 2102 ingemet
721 2031 750 2082 te
766 2022 938 2084 comminus
952 2037 1043 2100 aeqtto

187 2125 314 2190 Mecum
328 2120 424 2186 crede
439 2121 515 2198 solo,
530 2129 703 2206 pugnae'que
718 2126 848 2208 accinge
863 2121 1021 2207 pedestris

186 2229 259 2294 Jam
275 2247 385 2292 nosces
399 2239 528 2290 ventosa
542 2226 625 2290 serat
638 2229 688 2290 cui
703 2224 803 2312 gloria
817 2224 971 2290 fraudem.

187 2331 300 2396 Dixit:
323 2342 355 2392 at
371 2326 423 2392 illa
438 2327 553 2406 torem,
568 2332 697 2414 acrique
713 2349 846 2392 accensa
861 2326 980 2406 dolore,

187 2431 301 2498 Tradit
315 2449 429 2513 equum
442 2429 559 2508 comiti,
573 2431 763 2513 paribusque
778 2431 894 2494 resistit
908 2432 939 2494 in
955 2428 1059 2506 armis,

186 2533 270 2598 Ense
286 2531 382 2617 pedes
397 2529 491 2608 nudo,
506 2529 646 2614 purique
662 2533 804 2596 interrita
819 2529 940 2615 parmd.

187 2641 230 2702 At
239 2638 374 2724 juvenis,
388 2635 501 2698 vicisse
516 2633 590 2700 dolo
605 2647 700 2715 ratus,
715 2635 818 2700 avolat
831 2638 900 2718 ipsc

187 2736 285 2803 Haud
301 2757 398 2814 mors,
411 2735 632 2818 conversisque
646 2737 742 2823 fugax
757 2737 896 2800 aufertur
910 2733 1051 2815 habenis,

186 2839 493 2926 Quadrupedemque
507 2841 603 2903 citum
619 2839 733 2904 serrati
749 2838 838 2904 calce
852 2838 972 2924 fatigat.

187 2946 282 3012 Vane
298 2943 405 3030 Ligus,
419 2944 594 3026 frustraque
610 2943 720 3008 animis
735 2935 816 3006 elate
830 2941 983 3026 superbis,

186 3047 408 3133 Nequidquam
424 3046 541 3130 patrias
556 3045 679 3110 tentdsti
695 3041 833 3110 lubricus
849 3058 951 3124 artes;

187 3153 255 3220 Nec
272 3153 356 3216 fraus
371 3163 401 3214 te
417 3149 602 3214 incolumem
618 3148 722 3214 lallaci
738 3149 875 3234 perferet
890 3151 991 3212 Auno.

188 3257 270 3322 Hac
287 3255 369 3318 satur
383 3253 482 3338 virgo,
496 3265 527 3316 ct
541 3252 721 3337 pernicibus
736 3255 827 3338 ignea
842 3250 955 3336 plantis

186 3363 315 3427 Transit
329 3377 441 3442 equum
458 3379 561 3436 cursu,
575 3359 743 3441 frenisque
759 3357 893 3422 adversa
908 3354 1070 3441 prehensis

187 3463 406 3550 Congreditur,
421 3477 592 3546 poenasque
608 3463 732 3526 inimico
747 3483 787 3526 ex
801 3463 951 3544 sanguine
965 3458 1075 3524 sumit:

186 3569 289 3652 Quium
304 3565 398 3630 facile
415 3565 565 3650 accipiter
580 3585 658 3630 saxo
672 3585 763 3628 sacer
778 3563 844 3628 ales
859 3563 900 3628 ab
916 3561 979 3626 alto

186 3673 398 3753 Consequitur
413 3651 521 3754 pendis
536 3666 701 3731 sublimem
716 3668 747 3730 in
762 3666 845 3730 nube
861 3665 1048 3742 columbam,

187 3774 475 3858 Comprensamque
490 3783 583 3847 tenet,
598 3767 794 3854 pedibusque
809 3769 962 3832 eviscerat
978 3769 1086 3845 uucis3

185 3877 267 3940 Tum
281 3897 375 3942 cruor
390 3887 420 3938 et
435 3873 531 3941 vulsie
546 3873 693 3938 labuntur
707 3873 750 3938 ab
764 3873 881 3938 ethere
896 3871 1021 3958 plumae.

229 3983 271 4043 At
286 4002 345 4042 nnn
363 3978 429 4042 haec
445 3976 537 4042 nullis
553 3978 710 4042 hominum
725 3993 810 4040 sator
825 3989 918 4060 atque
933 3974 1063 4040 deorum

184 4085 367 4148 Observans
382 4081 490 4160 oculis,
505 4103 624 4146 summo
638 4081 727 4146 sedet
742 4079 821 4146 altus
836 4079 986 4166 Olympo.

185 4187 387 4275 Tyrrhenum
402 4187 524 4271 genitor
539 4185 739 4252 Tarchonem
755 4187 786 4250 iu
801 4183 915 4272 proelia
930 4202 1014 4246 sava
