2978 5124
169 511 230 580 888
607 505 794 572 AENEfflOS

216 662 379 745 Membra:
400 687 570 751 manusque
586 666 695 730 narbas
706 664 820 751 insulis
834 665 975 729 uneruuit
990 661 1098 744 acutis,
1194 669 1199 681 “

217 765 290 832 AEre
305 768 541 854 caputtutgens‚
555 767 711 850 cristhque
728 769 860 832 hirsutus
874 767 998 850 equinis.

218 875 269 940 stc
284 895 407 940 cursum
422 875 584 940 irs-medios
596 875 727 960 rupidus
742 875 840 940 dedit.
883 873 1008 940 AEstust
1018 878 1129 962 ingens
1180 877 1246 938 870

218 975 283 1042 imo
298 981 329 1042 in
344 977 439 1042 corde
454 977 563 1064 pudor,
579 983 737 1062 mixtoque
753 979 872 1042 insania
884 977 981 1060 ius-tu,

217 1073 277 1162 [Et
291 1081 380 1144 furiis
395 1085 525 1166 agitatus
541 1103 638 1162 emor,
652 1095 682 1145 ct
696 1083 822 1146 comnia
836 1083 964 1169 virtus]

218 1187 319 1265 Atque
336 1181 385 1247 hic
400 1181 523 1248 AEnenn
533 1183 650 1268 magnit
666 1195 713 1247 ter
728 1205 804 1248 :uoce
818 1184 954 1248 vocavit.

217 1281 335 1349 AEucus
351 1289 476 1372 agnovit
491 1289 582 1365 enim,
593 1286 745 1370 ¹iustusque
757 1299 924 1371 precatur:

218 1389 270 1452 Sic
286 1401 377 1473 pater
391 1387 442 1452 iiie
457 1388 549 1453 deiim
564 1391 670 1468 saciat,
685 1390 729 1452 sic
744 1388 823 1452 situs
838 1387 961 1474 Apoiio,
1184 1391 1245 1451 8¹16

220 1489 353 1575 incipias
367 1491 510 1554 conferre
520 1490 665 1554 manum!

218 1589 353 1657 Tantum
364 1592 482 1674 effatus,
498 1605 528 1658 et
543 1593 653 1657 infesti
667 1593 750 1656 subit
764 1592 873 1657 obvius
883 1585 987 1658 hasti.

218 1694 274 1760 lile
288 1711 408 1760 auteur:
430 1695 512 1777 Quid
527 1717 586 1776 me,
601 1706 718 1780 erepto,
731 1695 908 1776 sevissime,
922 1709 1004 1776 nato,

217 1793 355 1862 Terres?
376 1799 444 1862 haec
458 1797 510 1862 via
524 1796 591 1862 sola
605 1799 661 1862 suit
676 1795 739 1882 qui
751 1797 884 1882 perdere
899 1819 1023 1885 posses:

217 1895 286 1965 Nec
302 1914 430 1966 mortem
445 1900 615 1980 horremus,
630 1921 687 1966 nec
702 1899 809 1965 divum
823 1903 978 1986 parcimus
992 1900 1058 1966 ulli.
1184 1907 1248 1966 880

217 2001 354 2067 Desine:
373 2003 441 2089 jam
453 2002 544 2066 venio
559 2001 732 2082 moriturus,
747 2015 777 2066 et
792 2002 860 2067 hoec
876 2003 931 2068 tibi
945 2015 1036 2088 porto

100 2171 105 2183 2
217 2103 311 2169 Dona
325 2102 421 2189 priuis.
465 2103 565 2185 Dixit,
580 2103 736 2188 telumque
750 2104 871 2169 intorsit
884 2105 914 2168 in
930 2103 1067 2169 hostem:

219 2203 294 2272 inde
310 2204 394 2270 aliud
408 2205 504 2293 super
518 2219 611 2289 atque
627 2205 710 2270 aliud
726 2206 862 2292 figitque,
873 2207 1023 2294 uuiatque

134 2317 138 2330 '
218 2307 337 2396 Ingenti
351 2329 451 2395 gyro:
473 2307 529 2374 sed
544 2310 673 2373 sustinet
688 2329 800 2373 aureus
814 2309 919 2374 umbo.

217 2409 283 2476 Ter
296 2413 414 2478 circum
429 2412 603 2478 adstantem
618 2409 711 2506 leues
727 2417 878 2496 equitavit
892 2418 924 2480 in
938 2414 1040 2494 orbes,
1182 2418 1248 2478 885

216 2513 297 2580 Tele
311 2537 404 2580 munu
413 2517 556 2603 jaciens:
578 2529 625 2580 ter
640 2537 746 2580 secum
760 2517 873 2581 Troius
885 2516 981 2582 heros

217 2615 386 2682 immanem
401 2631 497 2683 meato
511 2619 689 2684 circumfert
704 2620 836 2705 tegmine
851 2619 972 2684 silvam.

218 2716 294 2784 Inde
308 2720 361 2784 ubi
376 2733 421 2784 tot
435 2721 568 2785 traxisse
582 2739 696 2800 moras,
711 2733 754 2784 tot
766 2719 886 2806 spicula
901 2719 995 2784 taedet

217 2819 357 2905 Vellere,
372 2837 403 2888 et
417 2839 542 2911 urgetur
555 2822 659 2910 pugni:
672 2845 855 2910 congressus
870 2825 994 2908 iniqui:

218 2925 318 2990 Multa
332 2943 458 2990 movens
473 2929 587 3006 animo,
595 2927 662 3012 jam
677 2924 803 2990 tandem
818 2929 961 3012 erumpit,
978 2938 1008 2991 et
1022 2927 1103 2991 inter
1186 2929 1249 2989 890

218 3027 383 3096 Bellatoris
397 3035 469 3117 equi
480 3053 563 3097 cava
579 3043 720 3117 tempora
734 3032 859 3118 conjicit
874 3032 1007 3096 hastam.

214 3129 315 3206 ,Tollit
328 3155 362 3199 se
377 3149 531 3200 arrectum
546 3133 735 3220 quadrupes,
750 3146 781 3198 et
795 3133 936 3199 culcibus
952 3155 1044 3199 emas

218 3231 388 3316 Verberat,
402 3235 592 3320 effusumque
605 3238 743 3320 equitem
758 3238 852 3322 super
866 3240 933 3323 ipse
948 3249 1071 3302 secutus

218 3333 371 3422 lnpttcat,
386 3337 548 3424 ejectoque
563 3337 711 3402 incumbit
724 3357 857 3402 cernuus
872 3359 970 3402 armo.

260 3438 408 3504 Clamore
421 3439 591 3506 incendunt
603 3441 716 3505 netum
727 3440 895 3526 Troesque
907 3440 1086 3526 ‘Latinique
1185 3443 1248 3505 896

218 3539 355 3606 Advolat
370 3541 494 3621 Eneas,
508 3541 681 3628 vaginhque
693 3544 787 3630 eripit
799 3565 925 3626 ensem3

218 3644 259 3708 Et
273 3665 367 3730 super
377 3642 470 3710 hmo:
495 3645 561 3710 Ubi
575 3669 656 3711 nunc
671 3647 848 3713 Mezentius
863 3670 947 3728 acer,
963 3659 993 3712 et
1006 3645 1062 3712 itta

217 3743 323 3810 Effera
337 3747 384 3810 vis
399 3749 515 3812 animi?
533 3747 655 3814 conns
669 3749 863 3836 Tyrrhenus,
878 3763 912 3815 ut
926 3771 1017 3815 auras

219 3847 396 3931 Suspicieus
411 3847 514 3914 hausit
527 3850 650 3930 curium,
664 3863 859 3936 mentemque
870 3853 993 3937 recepit
1007 3871 1015 3910 ε

217 3949 329 4014 Hostis
344 3971 460 4033 amare,
476 3949 551 4036 quid
565 3951 744 4038 increpitas,
758 3965 951 4038 mortemque
964 3952 1113 4018 nu'nnrisi
1179 3954 1250 4019 *9⁰0

218 4047 345 4114 Nullum
357 4054 392 4116 in
406 4053 495 4118 caede
510 4053 616 4118 nefas:
639 4075 697 4119 nec
714 4057 759 4119 sic
774 4053 815 4119 ad
830 4052 943 4140 proeiiu
956 4055 1038 4133 ueni,

219 4147 287 4214 Nec
302 4165 403 4218 tectum
418 4176 505 4220 meus
519 4153 585 4220 hec
599 4159 718 4242 pepigit
732 4155 809 4223 mihi
824 4154 943 4222 ioedera
957 4153 1089 4220 lausus.
