2978 5124
331 369 360 407 s.

643 497 759 558 LIBER
778 497 854 558 vtlt

251 653 387 736 Retulit3
407 667 439 719 et
452 651 555 741 gelidi
566 667 715 720 monstrat
728 655 786 719 sub
799 677 877 742 rupe
892 654 1058 741 Lupercal,

252 758 420 824 Parrhasio
434 755 552 821 dictum
567 754 667 822 Panos
682 755 722 822 de
736 779 822 822 more
836 757 959 844 Lycei.

251 861 320 928 Nec
335 884 395 927 non
410 873 441 926 et
455 861 538 926 sacri
551 871 700 926 monstrat
713 863 822 926 nemus
835 860 976 948 Argileti,
1216 865 1278 925 345

251 963 459 1048 Testaturque
474 962 585 1042 locum,
600 974 631 1026 et
646 961 737 1028 letum
752 963 844 1028 docet
859 963 988 1050 hospitis
1002 964 1090 1051 Argi.
1157 981 1164 998 ¹

253 1066 339 1136 Hinc
354 1065 396 1131 ad
410 1066 578 1152 Tarpeiam
592 1063 699 1130 sedem
714 1077 745 1129 et
759 1065 915 1152 Capitolia
929 1065 1023 1147 ducit,

252 1170 360 1234 Aurea
373 1188 464 1248 nnnc,
477 1167 550 1232 olim
565 1166 757 1232 silvestribus
772 1165 900 1231 horride
915 1165 1025 1232 dumis.

253 1269 327 1334 Jam
338 1283 404 1334 tum
417 1269 538 1356 relligio
552 1269 682 1356 pavidos
697 1270 835 1335 terrebat
849 1281 985 1356 agrestes

253 1371 335 1438 Dira
348 1371 430 1454 loci,
446 1374 512 1461 jam
527 1387 590 1437 tum
605 1372 713 1438 silvam
728 1394 900 1457 saxumque
913 1375 1099 1440 tremebant.
1216 1381 1279 1440 350
1361 1387 1366 1394 “

253 1473 329 1538 Hoc
342 1495 459 1553 nemus,
471 1474 562 1554 hunc,
577 1475 685 1560 inquit,
699 1473 847 1540 frondoso
860 1478 976 1540 vertiee
990 1476 1111 1557 collem,

254 1576 333 1658 Quis
347 1575 434 1656 deus,
449 1577 598 1642 incertum
613 1589 669 1657 est,
684 1575 804 1642 habitat
817 1575 914 1641 deus:
939 1577 1081 1642 Arcades
1095 1583 1195 1665 ipsum

254 1675 397 1742 Credunt
410 1699 444 1742 se
458 1676 572 1742 vidisse
585 1679 707 1759 invem,
721 1699 814 1764 quum
828 1680 913 1765 steps
928 1681 1098 1766 nigrantem

254 1778 370 1867 AEgida
384 1794 563 1847 concuteret
577 1780 698 1862 dextri,
713 1783 893 1868 nimbosque
907 1787 1014 1848 cieret.

254 1885 339 1949 Haec
353 1884 416 1950 duo
429 1899 582 1970 preterea
596 1885 736 1973 disjectis
750 1886 866 1972 oppida
880 1888 984 1968 muns,
1220 1893 1280 1952 355

256 1983 419 2071 Reliquias
431 1999 633 2072 veterumque
646 1987 735 2052 vides
749 2001 944 2054 monumenta
959 1991 1114 2054 virorum:

255 2087 350 2152 Hanc
364 2087 463 2154 Janus
476 2101 576 2174 peter,
591 2089 672 2154 hanc
681 2091 829 2154 Saturnus
844 2089 983 2156 condidit
997 2112 1120 2170 srcem3

256 2189 432 2255 Janiculum
447 2190 529 2272 huic,
543 2191 586 2256 illi
601 2193 702 2258 iuerat
717 2192 858 2257 Saturnia
872 2213 993 2258 nomen.

255 2292 387 2358 Talibus
402 2294 481 2360 inter
494 2315 528 2360 se
543 2293 633 2360 dictis
647 2293 689 2359 sd
703 2307 785 2359 tecta
799 2294 946 2360 subibant

257 2394 407 2482 Pauperis
421 2397 570 2478 Evandri,
584 2399 761 2484 passimque
776 2412 915 2466 armenta
930 2399 1079 2466 ridebant
1221 2411 1286 2470 860

259 2497 462 2586 Romanoque
477 2501 545 2566 io'ro
559 2513 590 2565 ct
604 2501 696 2566 lautis
710 2505 827 2589 mugire
841 2503 979 2570 Carinis.

260 2600 305 2666 Ut
319 2617 441 2668 ventum
456 2603 495 2668 ad
512 2602 618 2669 sedes:
642 2605 734 2685 Hoec,
748 2605 856 2691 inquit,
869 2607 976 2675 limina
990 2611 1091 2675 uictor

259 2703 385 2770 Alcides
398 2707 510 2786 subiit;
532 2705 600 2771 haec
615 2705 701 2770 illum
715 2710 802 2794 regia
815 2709 908 2795 cepit.

259 2806 359 2886 Ande,
374 2807 497 2894 hospes,
509 2820 706 2873 contemnere
720 2831 805 2894 opes,
820 2825 850 2876 et
864 2825 895 2876 te
908 2834 1032 2898 quoque
1046 2815 1172 2902 dignum

260 2907 356 2996 Finge
370 2909 449 2990 deo;
469 2910 626 2996 rebusque
639 2913 711 2976 reni
726 2933 787 2976 non
801 2933 893 3000 asper
907 2915 1022 3002 egenis.
1222 2927 1285 2986 365

259 3010 369 3092 Dixit3
390 3025 421 3076 et
435 3014 555 3099 angusti
569 3015 677 3080 subter
690 3015 814 3101 fastigia
828 3017 901 3082 teeti

260 3113 418 3200 Ingentem
436 3113 553 3180 AEnean
566 3115 664 3194 duxit,
679 3117 842 3202 stratisque
857 3118 971 3186 locavit

261 3213 406 3280 Effultum
419 3214 501 3280 foliis
515 3229 546 3280 ct
559 3216 641 3302 pelle
655 3217 828 3303 Libystidis
842 3241 933 3286 ursae.

261 3317 333 3386 Nox
347 3319 418 3400 ruit,
431 3332 463 3383 et
475 3320 569 3384 fuscis
583 3318 723 3385 tellurem
737 3322 931 3407 amplectitur
947 3327 1015 3390 alis.

304 3423 345 3485 At
360 3421 468 3487 Venus
483 3421 567 3486 haud
582 3425 686 3486 animo
700 3423 909 3509 nequidquam
924 3433 1072 3492 exterrita
1086 3443 1194 3510 mater,
1224 3440 1287 3498 370

263 3521 513 3608 Laurenttimque
527 3527 619 3588 minis
634 3539 664 3589 et
677 3523 756 3590 duro
770 3541 852 3592 mota
867 3527 1005 3610 tumultu,

263 3625 437 3692 Vulcanum
452 3625 628 3710 alloquitur,
643 3626 838 3714 thalamoque
853 3629 921 3693 bac
936 3631 1074 3718 conjugis
1088 3653 1184 3698 aureo

264 3725 382 3814 Incipit,
396 3742 426 3794 et
440 3727 682 3795 dictisdtvtnum
697 3729 837 3816 adspirat
851 3753 1003 3798 amorem:

264 3827 346 3895 Dum
359 3830 443 3896 bello
458 3831 595 3918 Argolici
608 3833 771 3898 vastabant
786 3834 938 3918 Pergama
951 3856 1041 3921 reges

265 3928 390 4012 Debita,
403 3953 593 4018 casurasque
606 3935 739 3999 inimicis
753 3933 875 4020 ignibus
890 3955 988 4015 arces,
1224 3949 1287 4008 375

267 4032 333 4098 lion
348 4033 444 4100 ullum
458 4034 604 4100 auxilium
619 4038 746 4116 miseris,
761 4057 821 4112 nnn
836 4057 923 4102 mma
937 4042 1043 4124 rogavi

268 4137 348 4202 Artis
361 4143 491 4227 opisque
505 4154 584 4222 tuoe3
604 4162 663 4208 nec
678 4151 719 4220 te,
732 4139 890 4207 carissime
904 4144 1030 4229 conjux,
