2956 5132
189 511 244 580 its
322 563 328 574 ,
631 505 819 568 AENEIDOS

226 662 366 750 Diriguit
379 665 448 728 visu
463 664 495 726 in
510 657 634 741 medio;
655 659 743 726 calor
757 681 829 724 ossa
842 657 991 746 reliquit;

227 767 381 846 Labitur3
403 779 434 830 et
448 764 541 852 longo
554 766 610 829 vix
624 761 751 828 tandem
766 776 905 848 tempore
920 763 1021 828 satur:

226 871 357 938 Verane
372 882 402 933 te
418 868 525 946 iacies,
539 887 632 930 verus
647 865 724 930 mihi
738 867 862 928 nuntius
879 861 982 944 affers,
1198 874 1260 934 310

227 973 308 1040 Nate
322 972 407 1037 dett
428 973 572 1036 vivisne?
593 980 656 1048 aut,
670 969 697 1032 si
712 967 766 1032 lux
782 966 864 1032 alm
878 969 1019 1046 recessit,

227 1077 351 1142 Hector
365 1075 419 1140 ubi
435 1077 501 1138 esti
543 1070 644 1150 Dixit,
658 1070 880 1155 lacrymasque
895 1067 1014 1148 effitdit,
1028 1081 1060 1132 et
1073 1089 1196 1136 omnem

226 1177 371 1266 Implevit
385 1176 524 1242 clamore
539 1173 653 1238 locum.
698 1172 764 1236 Vix
779 1192 882 1256 pauca
897 1171 1011 1238 surenti

228 1284 379 1370 Subjicio‚
393 1293 424 1344 et
438 1281 520 1344 raris
534 1276 676 1342 turbatus
690 1274 822 1338 vocibus
838 1273 946 1338 hisco:

225 1386 312 1452 Vivo
326 1381 655 1469 equidem„vitamque
671 1390 811 1442 extrema
825 1397 883 1462 per
898 1379 1002 1444 omnia
1016 1375 1109 1442 duco.
1196 1388 1258 1444 315

226 1488 275 1555 Ne
290 1487 418 1566 dubita3
439 1505 512 1550 nam
527 1504 603 1550 vera
617 1479 718 1546 vides.

225 1591 318 1658 Heu!
341 1591 411 1675 quis
425 1601 456 1652 te
471 1606 562 1650 casus
577 1583 732 1671 dejectam
746 1583 878 1669 conjuge
893 1594 978 1646 tanto

225 1691 376 1778 Excipit?
397 1701 450 1755 aut
465 1708 534 1773 quae
550 1687 645 1774 digna
659 1687 734 1750 satis
749 1684 873 1750 fortuna
887 1687 1016 1750 revisit?

225 1795 385 1872 Hectoris,
400 1787 632 1868 Andromache,
646 1786 796 1873 Pyrrhin'
811 1787 969 1851 connubia
983 1791 1112 1852 servasi

223 1896 350 1985 Dejecit
364 1894 491 1976 vultum,
506 1907 535 1958 et
550 1889 685 1958 demissi
699 1910 777 1954 voce
792 1887 898 1952 locuta
912 1900 979 1954 est:
1193 1895 1254 1954 330

223 2000 344 2065 Olelix
358 2021 420 2064 una
435 2012 506 2064 ante
522 1995 600 2062 alias
617 1995 774 2060 Priameia
788 1996 888 2080 virgo,

223 2103 381 2168 Hostilem
395 2101 437 2168 ed
450 2100 610 2180 tumulum,
624 2098 729 2185 Trojoe
744 2097 803 2162 sub
818 2095 972 2161 moenibus
986 2093 1065 2178 altis,
1110 2151 1114 2156 .

222 2205 317 2272 Jussa
331 2209 419 2284 mori,
434 2226 503 2291 qum
519 2205 644 2268 sortitus
658 2223 720 2267 non
734 2183 861 2287 pertulit
876 2197 965 2280 ullos,

224 2307 292 2375 Nec
307 2312 434 2374 victoris
450 2308 519 2374 heri
535 2310 635 2394 tetigit
649 2308 777 2392 captiva
791 2301 914 2369 cubile!

222 2409 299 2493 Nos,
312 2411 415 2499 patrii
429 2411 567 2491 incensi,
582 2410 708 2474 diversa
722 2431 780 2495 per
794 2428 923 2494 aequora
937 2421 1047 2491 vectae,
1190 2415 1253 2474 335

222 2515 334 2600 Stirpis
349 2511 502 2579 Achilleoe
517 2513 624 2592 fastus,
637 2513 848 2598 juvenemque
864 2510 1041 2596 superbum,

221 2617 357 2682 Servitio
372 2591 484 2696 enixae,
499 2612 644 2693 tulimus;
663 2609 720 2698 ‘qui
733 2611 860 2694 deinde,
875 2625 998 2678 secums

220 2720 370 2788 Ledaeam
386 2721 592 2785 Hermionem
607 2716 930 2804 Lacedaemoniosquc
945 2716 1136 2804 hymenaeos,

220 2827 275 2892 Me
290 2824 405 2890 iemulo
419 2823 628 2909 famulamque
644 2821 769 2888 Heleno
784 2825 956 2890 transmisit
968 2820 1159 2888 habendam.

218 2934 278 2997 Ast
292 2927 388 3008 illum,
403 2940 519 3012 erepte
534 2947 647 3012 magno
662 2925 869 2992 inflammatus
884 2947 992 2991 amore
1189 2933 1253 2990 330

219 3031 380 3118 conjugis,
395 3043 426 3094 et
439 3027 594 3092 scelerum
609 3027 698 3091 iuriis
712 3030 854 3114 agitatus,
868 3029 998 3092 Orestes

219 3131 348 3216 Excipit
360 3134 530 3210 incautum,
544 3131 725 3214 patriasque
739 3129 907 3194 obtruncat
921 3128 964 3196 ad
978 3150 1061 3196 aras.

218 3235 323 3302 Morte
338 3231 537 3320 Neoptolemi
551 3253 717 3318 regnorum
731 3230 858 3296 reddita
872 3238 967 3299 cessit

220 3339 297 3406 Pars
312 3338 448 3420 Heleno,
462 3339 516 3423 qui
531 3335 691 3402 Chaonios
706 3339 889 3423 cognomine
903 3359 1041 3424 campos,

218 3443 457 3526 Chaoniamque
473 3461 596 3506 omnem
611 3438 750 3527 Trojano
765 3462 784 3504 a
798 3439 931 3506 Chaone
945 3441 1046 3524 dixtt3
1189 3451 1251 3508 335

163 3545 164 3550 ’
219 3546 445 3634 Pergamaque,
459 3543 649 3628 Iliacamque
660 3544 744 3630 jugis
760 3543 842 3609 hanc
858 3543 981 3610 addidit
996 3567 1113 3612 arcem.

219 3649 283 3716 Sed
298 3651 356 3714 tibi
372 3652 426 3735 qui
440 3668 565 3714 cursum
580 3650 676 3727 venti,
690 3667 760 3732 quae
774 3647 840 3712 lata
856 3646 998 3714 dedirei

218 3756 282 3820 Aut
296 3756 438 3838 quisnam
454 3753 595 3838 ignorum
610 3751 723 3814 nostris
738 3747 816 3813 deus
830 3747 952 3835 appulit
966 3752 1029 3814 oris
1035 3753 1053 3812 'i

218 3854 303 3940 Quid
318 3877 397 3941 puer
411 3857 587 3920 Ascanius?
609 3865 785 3940 superatne,
799 3866 831 3917 et
845 3855 983 3917 vescitur
996 3853 1094 3918 aurii

219 3959 320 4042 Quem
335 3958 393 4021 tibi
403 3958 471 4044 jam
486 3957 594 4045 Troja.
607 4001 616 4020 .
629 4000 661 4019 ..
1188 3966 1251 4024 sto

220 4061 331 4145 Ecqua
344 4071 449 4123 tamen
463 4079 561 4143 puero
577 4071 623 4123 est
638 4062 758 4124 amisse
774 4077 851 4122 cura
865 4059 1028 4142 parentis?
1062 4043 1065 4050 ¹

220 4159 343 4248 Ecquid
359 4164 391 4226 in
406 4163 566 4244 antiquam
581 4163 726 4228 virtutem
741 4163 924 4247 animosque
938 4159 1044 4226 viriles
