2914 5130
210 513 268 570 228
673 499 862 566 AENEIDOS
955 527 971 558 x
1224 379 1327 601 Χ

249 660 333 728 Nam
347 673 400 726 tua
414 661 544 740 finitimi,
559 655 650 747 longi
665 657 792 745 latique
805 679 864 744 per
876 661 972 726 urbes

254 763 409 852 Prodigiis
424 763 485 828 acti
499 761 689 841 coeieatibus,
701 782 775 826 ossa
789 761 938 847 piabunt3

254 867 295 934 Et
308 877 443 931 statuent
457 865 617 946 tumulum,
631 877 663 928 et
676 863 794 928 tumulo
808 865 959 930 solemnia
973 865 1114 945 mittent;
1231 871 1295 930 aad

255 967 479 1053 AEternumque
494 967 580 1032 locus
597 965 735 1031 Palinuri
749 987 862 1032 nomen
877 967 1020 1032 habehit.

257 1073 321 1137 His
334 1069 428 1136 dictis
442 1091 527 1136 curae
541 1081 662 1148 emota,
676 1065 845 1154 pulsusque
859 1091 1028 1155 parumper

255 1172 362 1238 Corde
377 1173 468 1238 dolor
482 1174 584 1251 tristi3
606 1169 721 1257 gaudet
735 1174 919 1256 cognomine
934 1170 1030 1236 terri.

299 1277 384 1364 Ergo
398 1276 458 1340 iter
473 1276 628 1361 inceptum
643 1285 806 1360 peragam,
821 1273 977 1359 fluvioque
991 1279 1213 1362 propinquant.

257 1380 372 1446 Navita
386 1401 464 1465 quos
474 1381 541 1466 jam
557 1377 632 1443 inde
646 1390 679 1441 ut
694 1375 806 1463 Stygiis
820 1379 982 1463 prospexit
997 1379 1040 1442 ab
1054 1378 1139 1444 undi
1234 1385 1299 1444 385

258 1485 318 1549 Per
333 1486 460 1548 tacitum
476 1503 583 1546 nemus
597 1485 655 1560 ire,
669 1479 844 1566 pedemque
859 1480 1025 1547 advertere
1039 1482 1127 1568 ripe,
1427 1475 1431 1484 ’

259 1587 311 1650 Sic
328 1585 413 1670 prior
427 1584 606 1672 aggreditur
620 1583 722 1663 dictis,
737 1597 831 1668 atque
846 1587 988 1670 increpat
1003 1585 1103 1651 ultro:

257 1689 405 1774 Quisquis
420 1709 464 1766 es,
479 1701 614 1752 armatus
629 1690 684 1772 qui
698 1701 804 1752 nostra
819 1685 860 1752 ad
876 1687 1001 1754 flumina
1015 1689 1127 1769 tendis,

258 1791 340 1858 Fare
355 1811 413 1879 age
429 1790 503 1877 quid
518 1794 645 1869 venias;
661 1791 728 1876 jam
743 1793 835 1854 istinc
851 1803 882 1854 et
896 1791 1066 1876 comprime
1081 1811 1239 1877 gressum:

257 1895 449 1960 Umbrarum
465 1892 516 1958 hic
533 1892 619 1957 locus
634 1904 690 1970 est,
705 1895 815 1971 marni,
827 1893 988 1978 noctisque
1002 1915 1145 1980 soporoe:
1233 1899 1298 1959 390

259 1999 406 2084 Corpora
420 1997 492 2061 viva
507 1996 594 2062 nefas
610 1994 719 2081 Stygia
733 2008 860 2058 vectare
874 1995 993 2060 carini.

259 2101 328 2167 Nec
344 2100 420 2164 vero
434 2097 567 2169 Alciden
582 2119 631 2162 me
646 2119 713 2162 sum
729 2097 848 2186 laetatus
863 2111 987 2164 euntem

258 2205 428 2290 Accepisse
444 2202 525 2280 lacu,
539 2223 597 2266 nec
613 2199 749 2279 Thesea,
765 2200 1008 2284 Pirithoumque,

260 2305 321 2372 Dis
336 2325 514 2391 quanquam
529 2305 625 2388 geniti
640 2317 734 2388 atque
750 2302 857 2368 invicti
870 2301 991 2366 viribus
1007 2315 1120 2368 essent.

260 2409 447 2474 Tartareum
461 2404 514 2470 ille
529 2427 623 2470 manu
637 2403 796 2470 custodem
812 2407 844 2469 in
858 2404 962 2472 vincla
977 2405 1087 2490 petivit

260 2512 360 2598 ipsius
375 2533 395 2576 a
408 2509 486 2576 solio
500 2509 592 2594 regis,
606 2511 763 2594 traxitque
777 2519 980 2574 uomentem:

262 2615 309 2680 Hi
323 2613 478 2678 dominam
495 2610 577 2675 Ditis
592 2609 731 2676 thalamo
746 2611 905 2678 deducere
919 2612 1031 2678 adorti.

260 2717 340 2800 Quae
353 2729 463 2780 contra
477 2714 617 2780 breviter
629 2714 695 2778 iata
709 2727 757 2778 est
770 2716 963 2802 Amphrysia
977 2729 1084 2784 vates:

262 2819 363 2886 Nullae
378 2817 431 2882 hic
445 2817 568 2882 insidias
583 2816 679 2897 tales3
701 2817 817 2882 absiste
832 2822 969 2899 moveri3

261 2921 330 2988 Nec
346 2925 409 2985 vim
423 2920 486 2986 tela
500 2921 621 2986 ierunt:
644 2919 717 2984 licet
732 2919 839 3006 ingens
851 2921 969 3013 janitor
983 2935 1074 2988 antro

260 3021 425 3088 AEternrim
441 3022 558 3088 latrans
572 3043 745 3109 exsangues
760 3035 877 3088 terreat
891 3025 1036 3105 umbras;

261 3128 360 3194 Casta
375 3126 448 3191 licet
463 3129 566 3212 patrui
581 3138 685 3189 servet
700 3126 887 3212 Proserpina
902 3125 1007 3192 limen.

260 3230 379 3296 Troius
390 3227 518 3306 AEneas,
532 3230 647 3313 pietate
662 3228 788 3316 insignis
802 3243 833 3295 et
848 3233 954 3310 armis,

264 3334 315 3402 nd
329 3334 498 3420 genitorem
513 3333 592 3396 imas
606 3330 703 3396 Erebi
718 3331 881 3398 descendit
895 3333 937 3397 ad
951 3332 1088 3404 umbras.

264 3437 298 3504 Si
312 3449 342 3500 te
358 3432 443 3500 nulla
458 3445 561 3498 movet
574 3445 667 3498 tantae
681 3435 806 3519 pietatis
814 3437 934 3521 imago,

148 3623 155 3628 .
265 3542 308 3605 At
322 3559 440 3603 ramum
456 3536 538 3600 hunc
553 3534 675 3622 (aperit
686 3557 805 3601 ramum
821 3537 874 3622 qui
888 3550 975 3602 veste
990 3533 1127 3624 latebat)

265 3644 437 3729 Agnosces.
481 3637 617 3702 Tumida
632 3660 672 3702 ex
687 3639 733 3703 iri
748 3651 812 3702 tum
826 3638 925 3704 corda
939 3641 1090 3706 residunt.

267 3745 334 3809 Ne‘c
349 3741 439 3829 plura
454 3741 513 3806 his.
557 3739 623 3820 ilie,
638 3739 798 3805 admirans
813 3743 993 3808 venerabile
1008 3743 1123 3810 donum

267 3845 386 3911 Fatalis
400 3849 506 3931 virga,
521 3843 614 3932 longo
628 3843 697 3930 post
711 3857 851 3928 tempore
865 3848 975 3926 visum,

266 3947 443 4012 Carruleam
458 3945 593 4011 advertit
607 3949 744 4032 puppim,
758 3947 897 4031 ripaeque
911 3953 1111 4036 propinquat.

267 4049 343 4116 inde
358 4051 436 4115 alias
451 4051 580 4130 animas,
595 4073 663 4136 qua
678 4071 736 4137 per
744 4051 819 4137 juga
835 4049 926 4138 longa
940 4051 1104 4136 sedebant,

267 4149 433 4232 Deturbat‚
448 4149 596 4236 laxatque
610 4152 714 4232 iaros3
736 4151 827 4218 simul
842 4155 959 4238 accipit
974 4150 1064 4220 alveo
