2992 5102
693 521 810 583 LIBER
830 523 851 584 l.

271 677 444 746 Deucalion
456 694 593 740 vanuum
609 671 728 760 lapides
737 675 866 762 jactavit
876 673 907 738 in
922 673 1028 738 orbem
1042 694 1053 750 ;

271 781 368 850 Unde
379 785 518 848 homines
534 779 609 858 nati,
626 780 733 844 durum
752 801 859 864 genus.
907 777 991 864 Ergo
1008 798 1075 862 age,
1091 789 1181 842 terre

275 887 395 974 Pingua
409 890 523 966 sulum,
539 887 646 973 primis
662 887 817 971 extemplo
834 906 852 949 a
867 887 1023 951 mensibus
1038 885 1118 964 anni,

279 989 390 1058 Fortes
404 995 557 1058 invertant
570 991 660 1071 tauri,
676 989 841 1074 glebasque
853 989 994 1075 jacentes

279 1097 500 1162 Pulverulenta
515 1110 627 1181 eoquat
641 1096 767 1160 maturis
783 1093 897 1158 solibus
912 1108 1021 1177 nstas3

276 1203 333 1282 At,
349 1204 374 1267 si
389 1225 451 1268 nnn
467 1203 559 1266 luerit
574 1202 662 1266 tellus
676 1199 834 1278 ioecunda,
850 1201 906 1266 sub
922 1202 1021 1286 ipsum

278 1307 450 1373 Arcturum
465 1309 547 1372 tenui
563 1321 608 1372 sat
623 1308 680 1370 erit
696 1307 884 1392 suspendere
900 1307 1006 1370 sulen:

278 1413 360 1492 Illic,
371 1415 504 1480 officiant
519 1415 593 1478 letis
609 1434 647 1477 ue
664 1410 801 1498 frugibus
816 1412 916 1476 herbe
931 1433 941 1490 ς

280 1519 358 1596 lite,
374 1520 506 1584 sterilem
523 1522 654 1605 exiguus
665 1540 704 1585 ne
722 1519 843 1582 deserat
859 1518 968 1583 humor
983 1539 1119 1586 arenam.

328 1625 458 1690 Alternis
473 1626 555 1690 idem
572 1640 675 1690 tonsas
690 1643 813 1688 cessare
828 1623 962 1702 novales,

283 1727 330 1794 Et
345 1752 465 1815 segnem
480 1730 600 1817 patiere
616 1731 674 1796 situ
690 1731 857 1794 durescere
874 1749 1043 1815 eampum3

283 1837 351 1902 Aut
366 1835 404 1899 ibi
419 1836 496 1902 flava
512 1857 609 1914 seres,
625 1848 741 1900 mutato
757 1835 869 1914 sidere,
886 1835 975 1915 sarra,

282 1937 378 2004 Unde
393 1939 474 2025 pritls
489 1941 590 2005 letum
607 1938 717 2024 siliquis
732 1954 892 2023 quassante
908 1941 1062 2026 legumen,

283 2045 349 2110 Aut
360 2059 467 2112 tenues
482 2047 574 2110 tetus
587 2047 685 2123 vicie,
698 2045 848 2130 tristisque
864 2047 957 2132 lupini

287 2148 455 2214 Sustuleris
468 2149 590 2234 fragiles
604 2151 740 2214 nalarnns
756 2151 923 2235 silvamque
940 2163 1117 2215 sonantem:

285 2253 355 2320 Urit
370 2256 455 2320 enim
470 2257 522 2320 lini
538 2259 678 2340 eampum
694 2277 794 2341 seges,
811 2257 870 2321 urit
885 2277 1000 2334 avena,
1060 2258 1064 2266 '

283 2359 390 2425 Urunt
402 2357 530 2424 Lethen
544 2359 665 2446 perfusa
680 2382 832 2446 papavera
847 2382 965 2426 sumno.

284 2465 355 2529 Sed
373 2480 473 2528 tamen
490 2465 610 2530 alternis
625 2464 721 2530 facilis
735 2468 844 2548 lab0r3
867 2468 951 2532 arida
966 2466 1082 2534 tantum

286 2569 338 2634 Ne
354 2584 489 2634 saturare
503 2571 576 2634 fimo
592 2572 694 2657 pingui
711 2573 825 2655 pudent
840 2572 914 2649 sola,
931 2593 1008 2636 neve

287 2671 418 2740 Effoetos
429 2677 564 2740 cinerem
579 2677 771 2740 immundum
779 2676 897 2761 jactare
914 2697 968 2762 per
984 2699 1083 2762 agros.

291 2779 345 2846 Sin
361 2804 480 2868 qunque
492 2785 616 2848 mutatis
631 2784 827 2868 requiescunt
838 2782 960 2848 soetibus
976 2804 1069 2865 arva;

288 2887 360 2953 Nee
375 2889 455 2952 nulla
470 2889 587 2954 interea
603 2902 650 2954 est
665 2890 785 2953 inarata
802 2890 896 2973 gratia
912 2905 1009 2954 terra.

333 2993 422 3078 sepe
435 2997 526 3059 etiam
543 2995 662 3060 steriles
677 2996 843 3060 incendere
855 2996 968 3081 proluit
983 3016 1082 3080 agros,

288 3101 394 3185 Atque
409 3100 508 3164 levem
525 3099 667 3186 stipulam
683 3101 901 3186 crepitantibus
916 3122 1005 3166 urere
1021 3100 1171 3165 dammis:

290 3204 364 3270 Sive
377 3207 447 3270 inde
463 3206 600 3270 occultas
615 3205 696 3271 vires
711 3218 743 3271 et
758 3206 869 3292 pabula
880 3220 966 3271 terre
1014 3263 1017 3270 r

290 3311 422 3396 Pinguia
438 3313 635 3396 concipiunt3
658 3312 722 3375 sive
739 3313 796 3376 illis
810 3332 901 3376 omne
917 3311 1090 3396 perignem

289 3415 485 3502 Excoquitur
499 3418 616 3494 vitium,
633 3433 725 3504 atque
741 3417 872 3482 exsudat
887 3417 997 3482 inutilis
1013 3417 1144 3498 lrumur;

292 3523 357 3588 Seu
374 3522 476 3607 plures
491 3524 575 3587 calor
590 3523 640 3588 ille
655 3525 720 3588 vias
735 3538 766 3587 et
777 3544 859 3588 neca
874 3523 992 3586 relaxat

289 3627 497 3713 spiramenta,
509 3649 604 3693 novas
619 3629 720 3692 veniat
735 3626 796 3713 qui
810 3649 921 3692 succus
935 3629 964 3692 in
982 3627 1115 3706 herbas;

291 3730 357 3796 Seu
373 3732 463 3796 durat
479 3731 586 3817 magis,
602 3747 635 3796 et
649 3753 743 3797 venas
759 3734 893 3818 astringit
907 3733 1036 3812 hiantes,

292 3835 347 3901 Ne
361 3851 469 3901 tenues
484 3837 603 3921 pluvie,
619 3837 755 3922 rapidive
772 3839 906 3922 potentia
921 3836 993 3900 solis

290 3939 413 4018 Acrior,
430 3954 482 4004 aut
497 3939 608 4006 Boron
625 3941 812 4028 penetrabile
828 3939 922 4026 frigus
937 3941 1054 4005 adurat.

336 4043 470 4110 Multum
487 4047 568 4112 aded
584 4047 687 4112 rastris
699 4047 805 4131 glebas
820 4046 871 4130 qui
886 4044 995 4129 frangit
1010 4047 1132 4126 inertes,

287 4151 514 4237 vimineasque
529 4152 620 4216 trahit
634 4167 746 4229 crates,
757 4152 844 4237 juvat
860 4171 953 4230 arva3
975 4174 1076 4236 neque
1092 4154 1176 4219 illum

287 4258 390 4326 Flava
404 4255 509 4325 Ceres
524 4259 584 4324 alto
599 4259 804 4344 nequidquam
820 4271 937 4344 spectat
948 4255 1106 4343 Olymp03
