2978 5124
218 499 277 563 tte
655 493 843 560 mumnos

125 729 129 736 ,
259 655 408 724 Avulsam
423 651 516 722 solvit
529 653 710 735 radicibusr
730 653 805 720 inde
824 655 952 742 repenti

261 753 392 845 Impulit,
406 755 539 845 impulsu
553 779 615 844 quo
630 758 782 823 maximus
797 759 919 822 insonat
932 757 1049 822 retbere

239 947 242 952 1
261 859 433 926 Dissultant
448 861 534 948 ripas,
547 861 710 946 refluitque
726 864 891 928 exterritus
906 863 1016 926 amnis.

263 965 304 1028 At
317 983 428 1050 specus
443 975 474 1026 et
488 961 568 1028 Caci
583 961 708 1028 detecta
721 965 867 1049 apparuit
880 965 989 1050 ingens

264 1065 374 1154 Regia,
389 1079 419 1130 et
433 1063 586 1130 umbmeoe
601 1063 722 1151 penitius
736 1063 867 1152 patuire
881 1081 1044 1128 cavernae:

263 1169 334 1233 Non
349 1165 438 1232 sectis
453 1189 489 1232 ac
504 1169 531 1230 si
546 1167 608 1252 qui
621 1165 743 1253 penitius
756 1171 788 1232 vi
803 1177 889 1232 terra
901 1165 1067 1231 dehiscens

265 1269 404 1336 Infernas
417 1283 535 1334 meret
549 1267 649 1348 aedes,
664 1283 695 1335 et
708 1291 804 1358 regua
820 1267 960 1334 recludat

266 1371 397 1453 Pallida,
411 1372 460 1438 dis
474 1375 585 1452 invise,
598 1373 753 1462 supdrque
768 1375 900 1440 immane
919 1369 1104 1437 barathrum

264 1473 429 1555 Cernatuq
443 1468 598 1561 trepident
612 1477 748 1542 immisso
762 1474 876 1542 lumine
892 1474 1013 1540 Manes.

265 1575 350 1663 Er30
365 1577 519 1664 insperati
532 1576 717 1664 deprensum
733 1581 764 1643 in
779 1579 849 1644 luce
863 1577 1002 1666 repenti,

266 1679 480 1765 inclusumque
494 1701 574 1744 cavo
587 1699 674 1762 saxo,
688 1695 782 1766 atque
797 1684 918 1746 insueta
931 1679 1104 1760 rudentem,

253 1779 410 1868 ¹Desuper
423 1781 550 1852 Alcides
564 1781 632 1848 telis
646 1785 769 1870 premit,
782 1785 948 1867 omniaque
964 1801 1052 1848 arma

265 1881 417 1965 Advocat,
432 1899 463 1949 et
477 1887 571 1950 ramis
586 1886 743 1972 vastisque
754 1884 922 1951 molaribus
937 1883 1040 1950 instat.

268 1984 323 2050 llle
339 2000 450 2068 autem,
465 2005 566 2072 neque
581 1987 663 2054 enim
677 1989 749 2074 iuga
760 1989 827 2074 jam
841 1985 935 2071 supir
948 1983 1013 2050 ulla
1026 1985 1146 2071 pericli,

268 2085 423 2152 Faucibus
437 2090 591 2172 ingentem
606 2088 733 2167 fumum,
746 2086 889 2154 mirabile
903 2083 999 2168 dictu,

266 2189 401 2272 Evomit,
415 2191 603 2279 involvitque
617 2191 742 2259 domum
756 2191 890 2279 caligine
904 2191 1001 2273 caeci,

267 2293 467 2382 Prospectum
482 2295 616 2381 eripiens
629 2294 747 2374 oculis3
767 2293 979 2382 glomeratque
994 2293 1052 2360 sub
1066 2307 1157 2362 antro

232 2411 238 2421 ‘
267 2395 454 2464 fumiferam
469 2412 600 2478 noctem,
614 2397 788 2464 commixtis
802 2402 873 2486 igne
888 2398 1037 2467 tenebris·

267 2496 338 2566 Non
352 2499 420 2564 tulit
435 2497 561 2564 Alcides
576 2499 705 2579 animis3
727 2519 823 2586 seque
838 2498 904 2585 ipse
918 2499 1092 2586 perignem

267 2599 423 2686 Praecipiti
437 2602 544 2690 injecit
556 2601 646 2680 saltu,
661 2599 722 2687 qus
735 2601 884 2688 plurimus
898 2601 1014 2670 undam

266 2699 379 2768 Fumus
394 2704 468 2788 agit,
481 2701 656 2788 nebulisque
671 2703 777 2789 ingens
791 2723 902 2788 specus
916 2715 1026 2768 estuat
1040 2699 1119 2768 atri.

266 2803 334 2869 Hic
343 2805 469 2882 'Cacum
483 2798 516 2870 in
530 2804 667 2870 tenebris
681 2803 827 2870 incendia
841 2825 923 2870 vana
938 2817 1113 2872 moventem

266 2905 415 2993 Corripit,
429 2910 461 2972 in
475 2905 590 2974 nodum
603 2907 797 2994 complexus,
810 2919 841 2972 et
854 2911 938 2994 angit
951 2908 1107 2976 inherens

268 3010 370 3076 Elisos
384 3010 500 3093 oculos,
514 3025 546 3076 et
559 3014 677 3076 siccum
691 3013 840 3098 sanguiue
854 3021 968 3096 guttur.

269 3112 419 3178 Panditur
432 3111 588 3198 extemplo
601 3114 720 3179 loribus
733 3112 843 3178 domus
857 3125 926 3178 atra
939 3111 1088 3194 revulsis3

267 3216 505 3298 Abstracueque
519 3214 617 3280 bores
632 3214 845 3301 abjuratisque
859 3218 978 3299 rapine

266 3316 359 3382 Coelo
372 3313 592 3395 ostenduntur3
612 3315 808 3401 pedibusque
823 3317 954 3382 informe
968 3315 1107 3386 cadaver

269 3417 473 3488 Protrahitur.
517 3417 682 3503 Nequeunt
696 3417 818 3503 expleri
832 3417 929 3488 corda
944 3418 1059 3488 tuendo

268 3521 439 3588 Terribiles
453 3519 570 3601 oculus,
583 3519 710 3601 vultum,
724 3519 897 3608 villosaque
911 3523 984 3590 setis

269 3625 400 3691 Pectora
414 3623 559 3704 semiferi,
574 3635 667 3709 atque
681 3624 850 3690 extinctos
864 3625 1008 3692 saucibus
1024 3628 1123 3713 ignes.

269 3729 320 3794 Ex
334 3727 388 3792 illo
401 3725 578 3792 celebratus
592 3725 699 3806 bonos,
713 3725 839 3810 leoque
853 3725 987 3798 minores

270 3830 443 3897 Servavire
458 3831 562 3910 diem;
581 3830 759 3915 primusque
774 3829 902 3896 Potitius
916 3843 1035 3914 auctor,

269 3931 310 3998 m
323 3929 432 3996 domus
447 3929 600 3998 Herculei
613 3943 716 4000 custos
730 3929 857 3998 Pinaria
870 3935 953 3998 sacri

270 4031 365 4096 Hanc
380 4052 469 4098 mam
482 4031 554 4099 luco
567 4035 681 4115 snum,
694 4054 762 4120 que
775 4037 912 4100 maxima
925 4055 1049 4122 semper

270 4131 401 4198 Dicetur
413 4133 514 4215 nobis,
527 4145 558 4200 et
571 4137 630 4201 erit
643 4157 713 4220 quas
726 4135 861 4204 maxima
874 4155 1010 4224 temper.
