2992 5102
195 467 233 522 tt

587 465 873 526 esouetcoutmt

285 607 424 676 Collibus
440 633 478 676 nn
493 611 586 698 plenu
599 611 708 680 melius
723 613 761 678 sit
775 635 890 700 ponere
905 615 999 678 ritem

244 714 357 791 Quaere
372 716 465 803 prius.
490 717 524 780 Si
540 719 659 802 pinguis
674 740 763 803 agros
777 719 933 786 metabere
949 721 1062 804 compi,

242 820 350 884 Denso
364 829 454 901 sere3
475 823 506 884 in
522 823 618 888 denso
633 844 692 888 uon
708 825 828 908 segnior
844 825 938 888 ubere
954 822 1124 890 Buechner
1197 826 1263 886 275

245 923 300 988 Sin
315 926 437 990 tumulis
452 927 567 992 sociive
582 928 680 992 solum
696 928 852 1012 collesque
868 927 1002 1013 supinos,

244 1029 370 1115 indulge
386 1031 564 1112 ordinibus;
585 1053 644 1098 nec
660 1033 760 1098 sociiis
775 1034 873 1098 omnis
888 1035 919 1098 in
934 1053 1067 1117 unguem

245 1134 413 1200 Arboribus
428 1138 532 1222 positis
547 1145 631 1200 s'ecto
647 1137 697 1201 vie
711 1137 805 1224 limite
822 1139 962 1223 quadret.

245 1233 290 1298 Ut
305 1238 383 1324 sepe
399 1241 511 1324 ingenti
521 1239 607 1305 ‘bello
622 1262 714 1326 quum
730 1242 820 1326 longe
835 1243 978 1308 cohortes

247 1340 404 1427 Explicuit
419 1345 509 1430 legio,
525 1359 557 1409 et
571 1366 682 1428 campo
697 1346 777 1410 stetit
793 1367 902 1429 agmen
919 1357 1035 1431 operto,
1202 1345 1268 1406 280

245 1445 440 1535 Directoque
456 1451 550 1526 acies,
566 1471 602 1514 nc
617 1448 678 1513 tate
694 1449 819 1514 fluctuet
833 1449 932 1512 crudis

246 1549 321 1615 AEre
334 1554 483 1617 renidenti
497 1553 607 1631 tellus;
628 1551 761 1616 necdum
776 1551 900 1617 horride
914 1551 1043 1616 miscent

245 1654 370 1734 Proelia,
386 1656 441 1720 sed
457 1656 566 1721 dubius
580 1656 690 1722 mediis
704 1653 790 1722 Mers
804 1668 886 1720 errat
899 1655 930 1718 in
939 1655 1051 1720 ermis:

246 1759 358 1826 Omnis
373 1764 431 1826 sint
447 1762 569 1848 paribus
583 1762 717 1826 numeris
732 1761 870 1826 dimerse
885 1763 1022 1839 viarum

247 1863 319 1930 Non
336 1865 470 1930 animum
486 1864 578 1930 modd
594 1861 637 1930 uti
651 1879 759 1950 puscet
772 1879 953 1951 prospectus
967 1866 1110 1944 innuentp
1204 1863 1267 1936 285

249 1969 313 2034 Sed
330 1973 400 2055 quia
415 1992 476 2034 non
492 1970 579 2036 aliter
594 1971 674 2035 vlres
689 1969 773 2035 debit
786 1969 925 2037 omnibus
941 1981 1043 2051 eques

248 2075 359 2156 Term,
376 2097 476 2162 neque
493 2077 524 2140 in
539 2090 670 2140 mcuum
685 2087 826 2162 potemnt
841 2095 874 2138 se
891 2072 1059 2140 extendere
1073 2073 1160 2138 remi.

291 2179 432 2246 Forsitan
449 2196 481 2246 et
494 2179 652 2246 'scrobibus
668 2197 734 2264 quc
749 2179 808 2244 sint
822 2176 939 2262 fastigii
955 2195 1082 2264 queres.

247 2284 356 2349 Ausim
371 2287 420 2350 vel
435 2285 518 2352 tenui
533 2287 626 2350 ritem
641 2284 831 2350 committere
849 2283 945 2350 sulco.

246 2389 347 2453 Altior
362 2411 400 2454 nc
416 2388 533 2474 penitis
548 2403 636 2454 terre
652 2390 791 2474 defigitur
803 2390 892 2457 nrbes
901 2411 916 2468 t
1205 2387 1272 2450 290

250 2493 394 2556 AEsculus
408 2493 439 2556 in
454 2493 567 2577 primis,
584 2511 649 2577 que
665 2492 810 2576 quenuim
823 2493 937 2558 vertice
950 2493 989 2558 ed
1004 2511 1093 2558 nurus

249 2597 414 2676 AEtherias‚
431 2595 544 2660 tannim
556 2597 661 2662 radice
677 2597 706 2662 in
721 2595 852 2682 Tartaru
866 2600 971 2664 tendit.
1006 2677 1011 2686 ³

252 2703 337 2789 Ergo
348 2727 407 2770 non
424 2706 540 2770 hiemes
554 2705 647 2782 iliam,
662 2727 722 2770 non
737 2707 842 2788 dabre,
858 2715 958 2793 neque
968 2705 1092 2782 imbres,

252 2805 459 2890 Conveilunt3
479 2810 605 2876 immota
620 2825 732 2892 manet,
748 2814 919 2897 multosque
935 2827 1072 2898 nepotes,

251 2910 350 2982 brutia
366 2913 462 2980 virum
477 2915 601 2980 volvens
616 2915 753 2980 durando
769 2917 889 2994 secute,
905 2917 1019 2984 vincit:
1206 2915 1272 2977 295

252 3020 337 3084 Tum
350 3019 443 3085 sortes
458 3020 517 3084 late
534 3013 634 3087 rumbs
646 3036 677 3086 et
692 3022 815 3089 brachie
830 3024 960 3088 tendens

253 3123 326 3190 Huc
342 3125 424 3203 illuc,
439 3126 542 3190 media
556 3125 623 3210 ipsu
638 3127 791 3210 ingentem
807 3128 933 3192 sustinet
948 3127 1098 3194 umbram.

297 3229 330 3294 N
331 3250 388 3294 eve
403 3229 456 3295 tibi
472 3228 511 3292 nd
526 3230 623 3296 solem
638 3242 764 3314 vergant
778 3232 878 3296 vineta
888 3233 1078 3311 'cedentem

255 3337 344 3402 Neve
360 3338 438 3400 inter
452 3335 528 3400 viter
543 3335 678 3418 corylum
695 3355 787 3417 sere;
808 3357 886 3401 neve
901 3335 1021 3422 flagello
1183 3407 1186 3422 ,

257 3443 384 3508 Summe
398 3455 480 3526 pete,
497 3455 548 3506 rut
562 3441 681 3508 summi
695 3443 846 3528 destringe
862 3465 903 3508 ex
919 3443 1027 3510 arbore
1042 3443 1178 3530 plenum
1194 3429 1275 3531 ᾠοῦ

255 3551 374 3616 'fantus
389 3571 476 3616 emor
490 3551 597 3614 terre!
620 3568 680 3613 neu
697 3550 777 3614 t'erro
792 3549 867 3616 lede
882 3564 986 3618 retuso

257 3657 403 3738 Semins;
425 3677 503 3721 nere
519 3656 592 3720 elec
608 3656 759 3722 silvestres
775 3658 874 3722 insere
888 3672 1022 3724 truncos.

195 3804 200 3815 .
257 3758 339 3826 Nam
355 3761 434 3846 sepe
451 3763 578 3826 incautis
592 3761 761 3845 pectoribus
776 3763 890 3828 excidit
904 3763 991 3847 ignis,
1052 3767 1053 3770 ’

257 3863 321 3938 Qut
337 3863 437 3928 furtim
452 3866 556 3950 pingui
569 3864 698 3949 primurn
714 3867 770 3930 sub
785 3867 900 3930 cortice
914 3879 1012 3932 tectus

256 3965 384 4032 Robore
399 3969 599 4052 comprendit,
616 3967 799 4054 frondesque
815 3969 935 4053 elapsus
950 3971 979 4033 in
996 3968 1070 4034 nites
1210 3966 1275 4034 305

256 4069 414 4154 lugentem
430 4071 510 4137 coelo
524 4074 653 4138 sonitum
668 4072 774 4137 dedit:
796 4072 867 4136 inde
882 4087 1005 4138 secutus

258 4172 321 4238 Per
337 4194 436 4239 remor
451 4176 546 4238 victor
561 4197 677 4262 perque
693 4178 754 4244 ulta
768 4179 927 4244 cacumina
943 4195 1058 4266 regnat,
