2914 5130
183 497 243 556 ἰεῦ
628 477 820 551 AENEIDOS'

223 650 250 716 It
265 669 391 730 comes;
411 662 442 714 et
452 651 575 737 juvenis
590 648 757 734 quondam
770 671 853 715 nunc
867 651 1004 730 immina,
1018 651 1134 732 canu,
1206 631 1208 648 ¹

224 753 345 818 Rursus
359 765 390 816 et
405 753 435 816 in
449 765 587 817 veterem
601 753 666 816 sato
679 751 821 817 revoluta
835 753 974 838 liguram

224 858 309 927 inter
323 876 401 942 quas
418 856 579 920 Pboenissa
592 876 704 920 recens
717 877 737 920 a
750 853 879 920 vulnere
898 855 984 920 Dido
1198 861 1260 922 teo

224 959 360 1023 Errabat
374 957 453 1023 silvi
467 958 497 1021 in
512 955 641 1044 magruiz
664 977 757 1042 quam
772 956 887 1022 Troius
903 957 995 1023 beroa

225 1060 270 1125 Ut
283 1059 415 1148 primdm
425 1063 517 1147 juxta
530 1062 624 1140 stetit,
638 1059 825 1148 agnovitque
838 1081 897 1145 per
910 1061 1053 1126 umbram

223 1164 410 1244 Obscuram,
424 1163 549 1248 qualem
564 1166 665 1248 primo
679 1163 732 1248 qui
746 1183 874 1249 surgere
889 1183 995 1228 mense

224 1270 286 1332 Aut
300 1267 385 1331 videt
399 1280 452 1332 aut
466 1266 581 1332 vidisse
597 1279 684 1352 putat
698 1287 755 1351 per
768 1264 877 1331 nubila
892 1264 1004 1346 lunam,

222 1370 357 1436 Demisit
371 1368 541 1456 lacrymas,
553 1367 700 1454 dulcique
714 1366 825 1433 affatos
840 1387 946 1432 amore
960 1381 1025 1440 est:
1197 1375 1259 1434 iss

222 1465 335 1536 Infelix
349 1470 445 1551 Dido,
459 1493 551 1538 veram
565 1470 641 1536 milui
654 1471 775 1536 nuntium
790 1491 863 1557 ergo
881 1477 884 1492 ·
910 1489 916 1510 ‘

223 1575 364 1640 Venerat
380 1575 557 1654 extinctam,
567 1575 713 1658 ferroque
729 1585 869 1638 extrema
883 1571 1038 1638 secutam!
1089 1577 1092 1594 ⁶

222 1677 363 1757 Funeris,
378 1677 438 1743 heu
449 1680 464 1742 l·
480 1679 539 1742 tibi
553 1697 650 1741 causa
664 1677 724 1740 fui!
749 1676 925 1741 Persidem
936 1678 1019 1764 juro,

223 1782 285 1846 Per
298 1803 437 1868 superos,
451 1795 482 1846 et
496 1782 523 1846 si
537 1801 599 1866 qua
615 1779 692 1845 fides
706 1779 817 1845 tellure
831 1781 890 1844 sub
905 1779 967 1846 imi
981 1791 1038 1858 est,

222 1885 349 1965 invitus,
364 1888 481 1971 regina,
495 1897 548 1949 tuo
562 1883 603 1948 de
618 1883 720 1947 littore
734 1883 825 1947 cessi.
1196 1889 1258 1948 460

224 1987 287 2052 Sed
302 2011 351 2052 me
362 1989 450 2074 jussa
464 1985 567 2066 desim,
582 2007 652 2072 quae
668 2005 749 2050 nunc
765 1985 821 2050 has
835 1985 882 2050 irc
897 2005 955 2070 per
970 1985 1106 2064 umbras,

219 2089 284 2158 Per
298 2091 368 2156 loca
382 2103 470 2154 senta
484 2091 682 2175 sitqcogunt,
695 2102 879 2172 noctemque
894 2086 1089 2172 profundam,

222 2193 365 2280 imperiis
378 2193 472 2280 egdre
485 2197 569 2273 suis3
590 2215 649 2258 nec
665 2191 796 2256 credere
811 2191 898 2276 quivi

222 2294 318 2360 Hunc
333 2274 451 2360 lantum
466 2295 523 2360 tibi
538 2317 587 2360 mc
601 2293 740 2360 discoesu
755 2295 837 2358 serre
851 2292 1003 2358 dolorem.

223 2399 304 2464 Siste
319 2397 458 2484 gradum,
469 2411 567 2482 teque
583 2397 733 2483 adspectu
748 2384 953 2462 nesubtrahc
967 2407 1084 2460 nostro.
1196 2401 1257 2460 465

222 2503 324 2584 Quem
338 2503 437 2587 iugis?
459 2514 631 2566 extremum
647 2501 710 2566 lato
726 2497 809 2585 quod
825 2511 856 2564 te
870 2498 1013 2584 alloquor
1027 2498 1088 2563 ltoc
1103 2509 1160 2562 est.

221 2602 354 2668 Talibus
367 2601 487 2668 AEneas
503 2602 664 2668 ardentem
678 2615 709 2666 et
723 2615 813 2667 torva
826 2615 961 2666 tuentem

221 2705 358 2770 Lenibat
372 2706 464 2771 dictis
478 2708 625 2784 animum,
639 2705 861 2792 lacrymasque
875 2704 992 2770 ciebat.

222 2809 280 2874 Illa
294 2810 361 2874 solo
375 2810 455 2874 fixos
468 2807 575 2873 oculos
589 2829 701 2873 auersa
716 2808 863 2886 tenebat3

221 2913 290 2978 Nec
305 2913 403 2998 magis
418 2911 540 2997 incepto
555 2909 672 2975 vultum
682 2931 825 2975 sermone
840 2921 990 2988 movetur,
1198 2913 1259 2973 470

221 3015 324 3097 Quam
338 3018 365 3079 si
379 3014 460 3080 dura
473 3013 552 3078 silex
567 3026 621 3078 aut
634 3026 695 3079 stet
709 3013 870 3098 Marpesia
884 3025 1004 3078 cautes.

221 3117 366 3184 Tandem
380 3118 530 3204 corripuit
544 3137 622 3196 sese,
637 3129 731 3200 atque
746 3117 873 3180 ininiica
886 3115 999 3201 refugit

222 3223 258 3286 ln
272 3243 378 3288 nemus
392 3221 606 3300 umbriferum,
620 3221 734 3307 conjux
749 3220 804 3284 ubi
817 3219 964 3305 pristinam
978 3215 1024 3282 illi

222 3321 404 3410 Respondet
418 3327 512 3404 curis,
525 3335 692 3408 aequatque
707 3321 861 3409 Sychaeus
875 3343 1026 3386 amarem.

220 3426 290 3494 Nec
305 3425 405 3494 minis
417 3425 627 3492 AEneaecasu
640 3447 807 3513 morasus
821 3425 927 3511 iniquo
1198 3433 1257 3489 475

223 3533 425 3616 Prosequitur
439 3531 620 3618 lacrymans
634 3529 735 3618 longi,
749 3543 781 3594 et
795 3532 960 3594 mismmur
974 3541 1122 3612 euntem,

264 3633 341 3700 lnde
354 3634 461 3699 datum
475 3632 602 3699 molitam
615 3633 694 3698 iter:
711 3634 841 3720 jamque
855 3653 936 3698 arva
949 3632 1097 3698 terrebant

222 3735 351 3818 Ultima,
366 3759 435 3823 quae
450 3737 535 3802 bello
549 3737 629 3802 clari
642 3748 765 3801 secreta
779 3737 988 3821 frequentant.

220 3837 288 3904 fltc
304 3840 349 3904 illi
362 3841 497 3907 ocmmrit
512 3840 653 3926 Tydeus,
668 3839 722 3904 hic
736 3837 874 3924 inclytus
888 3839 983 3904 arnis
1049 3858 1055 3872 ·

220 3940 474 4027 Panhempaeas,
487 3955 519 4006 et
533 3942 661 4008 Adi-asti
676 3940 820 4027 pallentis
834 3939 947 4026 imago.
1198 3945 1258 4004 480
1438 3903 1439 3918 i

221 4044 287 4110 Hic
303 4042 430 4110 multllm
445 4046 508 4110 fleti
523 4045 565 4111 ad
579 4067 717 4132 ειιμτοο,
731 4043 879 4129 belloque
891 4044 1014 4125 caduci

219 4145 430 4229 Dardanide,
452 4169 530 4233 quos
543 4148 596 4214 ille
609 4169 716 4216 omnes
729 4148 822 4235 longo
834 4147 945 4216 ordine
960 4169 1101 4228 comens,

590 4377 624 4419 e„
