2992 5102
636 501 790 560 ECLOGA
812 502 860 560 lll.
1245 513 1276 568 11

645 685 828 730 rrsuacors.

246 772 335 848 Quid
351 771 476 855 prodest
492 765 574 855 quaid
591 769 718 854 meipsa
735 770 836 833 animo
848 789 907 834 non
924 771 1052 854 spernis,
1067 771 1215 855 Amynta,

251 879 299 956 Si,
315 879 387 942 dum
402 893 435 942 tu
452 875 577 942 sectaris
592 895 691 960 apros,
708 896 765 957 ego
781 877 856 940 retia
872 875 984 940 servo?
1166 943 1181 962 ·
1234 879 1275 937 75

651 998 824 1040 canorus.

250 1085 398 1170 Phyllida
415 1083 498 1148 mitte
515 1085 598 1161 mihi,
615 1104 702 1146 meus
716 1097 764 1146 est
779 1084 895 1160 natalis,
912 1081 999 1148 lola:

251 1188 360 1264 Quum
377 1188 487 1252 faciam
499 1186 591 1250 vitulis
604 1207 661 1272 pro
677 1186 823 1269 frugibus,
845 1188 908 1272 ipse
924 1188 1034 1250 venito.

646 1309 834 1352 maurosus.

250 1395 397 1481 Phyllida
412 1416 482 1459 arno
496 1409 565 1460 ante
582 1395 679 1460 abas:
702 1415 771 1456 narn
788 1414 836 1456 ms
853 1393 1014 1458 discedere
1030 1392 1122 1472 flevit,

251 1497 297 1564 Et
311 1501 445 1584 longum,
461 1497 603 1575 formose,
618 1498 697 1576 vale,
713 1496 791 1574 eale,
808 1498 903 1582 inquit
929 1494 1003 1562 lole.

649 1619 822 1663 canoras.

251 1704 357 1769 Triste
371 1705 460 1790 lupus
475 1703 609 1780 stabulis,
625 1705 748 1766 maturis
764 1701 899 1785 frugibus
910 1701 1035 1779 imbres,
1234 1707 1276 1766 80

253 1811 420 1875 Arboribus
436 1810 529 1887 venti,
544 1809 630 1872 nobis
644 1807 840 1891 Amaryllidis
855 1807 916 1870 ire.

642 1929 830 1972 nemausas.

250 2013 357 2079 Dulce
370 2017 441 2080 satis
456 2015 574 2092 humor,
587 2013 723 2098 depulsis
738 2013 867 2080 arbutus¹
878 2010 982 2087 hedis,

249 2118 356 2184 Lenta
371 2120 449 2184 sabx
465 2119 526 2182 leto
541 2119 654 2204 pecori,
670 2119 745 2182 mibi
762 2117 844 2182 solus
859 2117 1019 2198 Amyntas.

652 2240 826 2285 cantaras.

247 2325 357 2390 Pollio
370 2338 454 2388 amat
468 2337 608 2400 nostram,
625 2323 758 2408 quamvis
773 2335 821 2386 est
835 2322 956 2398 rustica,
973 2341 1110 2386 musam:

247 2431 410 2510 Pierides,
426 2429 545 2495 vitulam
556 2429 660 2496 lectori
676 2430 792 2513 pascite
808 2443 920 2494 vestro.
1234 2424 1275 2484 85

643 2553 832 2595 ncusccss.

249 2639 355 2702 Pollio
371 2652 401 2700 et
416 2637 480 2723 ipse
496 2635 569 2700 lacit
583 2657 660 2700 nova
676 2636 831 2702 carmina:
854 2636 968 2720 pascite
983 2649 1112 2714 taurum,

250 2743 322 2808 lam
342 2763 434 2808 cornu
451 2755 543 2826 petat,
559 2755 592 2806 ct
608 2740 737 2826 pedibus
754 2741 803 2824 qui
819 2756 939 2825 spargat
954 2761 1088 2804 arenam.

654 2863 829 2906 cuorus.

252 2951 318 3027 Qui
336 2965 379 3026 te,
394 2948 505 3028 Pollio,
518 2963 610 3026 amat,
625 2949 727 3011 veniat
743 2945 803 3031 qub
819 2963 848 3012 te
865 2967 985 3033 quoque
1001 2946 1134 3030 gaudet:

252 3055 354 3120 Mella
369 3055 462 3120 fluant
476 3055 528 3134 illi,
545 3055 623 3118 serat
638 3068 669 3116 et
684 3053 777 3117 rubus
793 3075 882 3138 asper
897 3075 1061 3118 amomum.

648 3177 835 3219 messaara.

253 3261 318 3340 Qui
336 3261 469 3328 Bavium
484 3284 543 3326 oon
558 3261 633 3336 odit,
650 3275 731 3324 amet
746 3275 797 3324 tua
812 3261 956 3338 carmina,
972 3257 1083 3338 Mevi3
1236 3256 1279 3316 90

253 3372 362 3454 Atque
379 3369 461 3434 idem
473 3367 581 3453 jungat
591 3365 709 3449 vulpes,
725 3378 757 3428 et
771 3365 905 3449 mulgeat
918 3365 1031 3429 hircos.

659 3487 833 3530 canoras.

255 3577 320 3653 Qui
337 3575 440 3658 legitis
455 3572 546 3636 llores
561 3586 591 3636 et
605 3573 689 3636 humi
702 3573 856 3636 nascentia
872 3569 965 3654 srags,

117 3739 120 3744 .
256 3681 416 3765 Frigidus,
433 3697 452 3740 o
466 3677 565 3762 pueri,
580 3675 672 3762 sugite
688 3676 769 3753 binc,
785 3675 858 3738 latet
873 3672 978 3757 anguis
994 3671 1023 3734 iu
1038 3665 1143 3732 herbe.

674 3799 861 3843 uerrucis.

258 3887 396 3962 Parcite,
413 3905 499 3959 ovea,
515 3883 637 3947 nimiirm
653 3883 821 3967 procedere
836 3906 845 3962 ς
868 3901 927 3943 ooo
943 3878 1021 3941 bene
1038 3878 1108 3963 ripe

258 3989 432 4068 Creditu13
454 3988 520 4070 ipse
536 3988 612 4052 aries
627 3989 717 4076 etiam
732 4007 813 4050 nunc
829 3983 941 4048 vellera
956 3983 1059 4048 siccat.
1241 3977 1283 4039 95
