2914 5130
635 511 752 574 umen
771 507 806 574 V.

232 665 360 734 Tutatur
374 668 466 734 favor
479 664 666 756 Euryalum,
681 667 895 756 lacrymasque
909 665 1045 751 decore,

229 770 354 836 Gratim·
369 783 401 835 et
414 768 548 856 pulchro
563 774 692 836 vendens
706 773 738 837 in
753 791 886 858 corpore
901 775 1010 836 virtus.

228 873 373 962 Adjuvat,
388 888 420 938 et
435 874 547 962 magni
561 872 737 960 proclamat
751 895 829 942 voce
844 873 971 956 Diores,
1199 879 1261 938 ³4⁵

229 977 287 1059 Qui
300 976 397 1042 subiit
411 975 536 1063 palma,
550 977 728 1062 numaque
742 975 785 1042 nd
798 980 929 1064 praemia
943 980 1030 1042 venit

228 1077 355 1160 Ultima,
370 1080 396 1144 si
410 1082 505 1166 primi
521 1079 795 1168 Salio-redduntur
808 1078 953 1146 honores.

227 1181 307 1246 Tum
320 1195 414 1268 pater
429 1179 563 1246 AErreas:
587 1180 714 1263 Vestra,
729 1185 840 1268 inquit,
854 1201 982 1248 munera
996 1183 1088 1248 vobis

226 1283 322 1348 Certa
339 1297 475 1364 manent,
489 1286 579 1370 pueri
594 1311 603 1364 3
626 1298 656 1350 et
670 1283 809 1371 palmam
822 1297 927 1350 movet
940 1284 1051 1352 ordine
1065 1305 1177 1352 nemos

224 1386 278 1452 Mc
293 1386 390 1452 liceat
401 1407 494 1452 casus
507 1389 652 1452 miserari
667 1391 797 1454 insontis
811 1389 915 1454 amici.
1198 1395 1261 1456 ³50

224 1491 276 1556 Sic
291 1492 384 1572 istm,
397 1504 518 1577 tergum
531 1491 646 1556 Gaetuli
661 1494 797 1558 immane
812 1488 911 1556 leonis

222 1593 288 1658 Dat
303 1593 399 1674 Salio,
414 1594 497 1660 villis
511 1615 677 1660 onerosum
693 1607 788 1680 atque
802 1595 956 1682 unguibus
975 1595 1090 1661 aureis.

222 1697 289 1761 Hic
305 1694 419 1760 Nisus:
442 1697 476 1760 Si
491 1709 588 1777 tanta,
603 1697 713 1782 inquit,
727 1709 798 1762 sunt
810 1698 940 1783 premia
955 1698 1057 1778 uictis,

221 1798 264 1864 Et
277 1813 308 1865 te
324 1798 482 1886 lapsorum
497 1800 640 1880 miseret3
662 1821 732 1886 quar
747 1820 877 1866 munera
892 1800 970 1866 Niso

219 1901 329 1990 Digna
343 1901 447 1984 dabis,
461 1903 592 1988 primam
607 1903 707 1968 merui
721 1904 775 1988 qni
790 1902 883 1969 laude
898 1925 1059 1987 coronam,
1089 1985 1098 1998 ,
1198 1911 1259 1970 355

221 2004 264 2070 Ni
278 2026 340 2085 me,
355 2026 425 2090 quae
441 2004 569 2086 Salium,
584 2007 707 2072 fortuna
722 2006 848 2072 inimica
862 2005 1005 2072 tulisset?

221 2107 263 2173 Et
276 2107 370 2173 simul
386 2108 433 2172 his
448 2107 539 2174 dictis
553 2109 669 2174 faciem
683 2109 871 2188 ostentabat,
886 2121 916 2172 et
931 2107 994 2174 udo

220 2211 344 2299 Turpia
359 2212 500 2278 membra
516 2212 599 2277 fimo.
644 2210 726 2276 Risit
740 2225 832 2298 pater
846 2214 980 2298 optimus
994 2210 1058 2293 olli,

218 2313 261 2378 Et
274 2315 425 2402 clypeum
440 2315 545 2381 efferri
555 2316 657 2402 jussit,
670 2315 881 2403 Didymaonis
896 2327 990 2397 artes,

218 2417 359 2504 Neptuni
372 2439 465 2484 sacro
477 2417 601 2484 Danais
614 2419 655 2484 de
670 2431 760 2505 poste
774 2417 918 2484 restrum.
1196 2425 1258 2486 860
1373 2474 1376 2487 .

218 2521 294 2588 Hoc
305 2523 455 2610 juvenem
469 2521 626 2609 egregium
640 2522 797 2608 prestanti
812 2541 940 2588 munere
954 2519 1062 2588 donat.

262 2622 345 2704 Pan,
359 2623 416 2688 ubi
430 2623 565 2688 coniecti
578 2643 697 2704 cursus,
712 2636 744 2688 et
757 2622 841 2689 dona
855 2625 992 2712 peregit:

217 2725 321 2806 Nunc,
335 2729 362 2790 si
377 2728 428 2789 cui
443 2727 540 2788 virtus
554 2727 737 2811 animusque
752 2729 785 2792 in
799 2737 927 2812 pectore
945 2747 1093 2814 presens,

216 2830 320 2911 Adsit,
335 2841 366 2894 et
380 2829 510 2894 evinctis
525 2829 646 2895 attollat
660 2829 793 2894 brachia
807 2828 930 2916 palmis.

216 2932 271 2996 Sic
286 2934 350 3012 ait3
372 2943 403 2995 et
416 2931 571 3018 geminum
585 2953 697 3018 pugne
712 2933 856 3018 proponit
870 2930 1040 2998 honorem:
1192 2935 1254 2994 ³65

217 3034 343 3112 Victori
357 3033 493 3100 velatum
508 3055 585 3100 auro
599 3038 749 3120 vittisque
759 3036 948 3122 juvencum

215 3139 343 3221 Essem,
358 3153 451 3226 atque
465 3143 618 3228 insignem
632 3140 765 3228 galeam,
779 3139 892 3206 solatia
905 3144 998 3208 uicto.

216 3243 287 3308 Nec
300 3265 411 3323 mora3
431 3241 579 3308 continud
593 3245 776 3308 sestiacum
790 3243 909 3308 viribus
925 3241 1015 3308 effert

216 3345 285 3410 Ora
298 3345 414 3426 Dares,
428 3367 602 3433 magnoque
617 3347 718 3413 virum
733 3369 767 3412 se
781 3369 937 3412 murmure
951 3343 1049 3412 tollite

215 3449 308 3514 Solus
323 3449 377 3536 qui
393 3449 539 3516 Paridem
554 3449 662 3516 solitus
676 3450 866 3517 contendere
880 3463 1011 3531 contra3
1192 3453 1255 3514 ³⁷0

216 3523 368 3637 idemque
382 3551 424 3615 ad
439 3552 590 3618 tumulum
604 3574 667 3639 quo
680 3554 834 3620 maximus
851 3554 987 3620 occubat
1001 3552 1126 3618 Hector

214 3653 383 3720 Victorem
398 3655 499 3720 Buten
514 3656 641 3722 immani
655 3677 798 3742 corpore,
812 3659 867 3741 qui
881 3677 917 3720 se

215 3755 381 3844 Bebrycia
394 3759 524 3822 veniens
539 3759 654 3844 Amyci
667 3757 709 3823 dc
722 3773 814 3845 gente
829 3755 962 3837 serebat,

215 3859 365 3938 Perculit,
380 3873 411 3925 et
425 3860 510 3926 fulvi
523 3861 743 3928 moribundum
757 3859 897 3926 extendit
910 3857 1017 3928 amni·

211 3963 305 4030 Talis
319 3963 421 4050 prima
434 3962 539 4030 Dares
553 3977 649 4052 caput
662 3963 759 4030 altum
773 3967 805 4028 in
819 3961 932 4048 proelia
947 3961 1045 4030 tollit:
1189 3971 1250 4030 375

212 4065 422 4152 Ostenditque
437 4066 584 4134 humeros
598 4066 688 4150 latos,
703 4067 885 4152 alternaque
894 4067 997 4152 jactat

213 4171 357 4238 Brachia
369 4171 571 4257 protendens,
584 4185 616 4240 et
629 4171 778 4240 verberat
791 4168 905 4238 ictibus
919 4189 1023 4240 aures.

517 4280 557 4338 26
