2978 5124
175 505 233 564 322
621 492 810 564 ENEIDOS

260 659 328 724 Nec
344 659 483 724 Turnum
498 663 601 746 segnis
615 663 728 726 retinet
742 679 848 738 morer
870 657 926 724 sed
941 659 1022 744 rapit
1037 675 1112 724 acer
1188 637 1192 648 ⁸

218 761 331 827 Totam
347 763 447 828 aciem
462 764 492 826 in
507 763 658 842 Teucros,
672 777 703 828 et
717 761 825 828 contra
840 762 871 828 in
886 762 989 828 littore
1005 762 1095 828 sistit·

220 866 315 952 Signa
330 879 454 930 canunt.
500 867 619 931 Primus
635 878 752 930 turmas
765 865 879 930 invasit
893 879 1033 950 agrestes
1073 868 1078 872 ’
1191 869 1251 928 310

219 965 348 1048 AEneas,
363 989 454 1032 omen
469 989 598 1056 pugnae3
620 971 791 1052 stravitque
805 968 947 1048 Latinos,

220 1072 335 1136 Occiso
348 1069 507 1151 Therone,
521 1071 621 1136 virtlm
637 1075 690 1156 qui
706 1071 858 1136 maximus
873 1069 955 1136 ultro

220 1171 342 1238 AEnean
358 1174 451 1258 petit:
475 1173 546 1238 huic
560 1173 675 1259 gladio,
688 1195 806 1259 perque
820 1194 904 1244 aerea
919 1186 998 1254 suta,

221 1275 281 1340 Per
297 1276 431 1340 tunicam
446 1276 638 1361 squalentem
654 1299 740 1358 auro,
754 1278 835 1342 latus
851 1275 953 1342 haurit
967 1289 1120 1364 apertum.

222 1377 296 1443 lnde
312 1378 434 1443 Lichan
449 1379 530 1458 ferit,
545 1392 703 1444 exsectum
714 1381 779 1467 jam
796 1395 894 1444 matre
909 1377 1080 1466 peremptis,
1190 1383 1250 1442 315

221 1479 262 1545 Et
278 1481 344 1561 tibi,
360 1481 490 1562 Phoebe,
505 1503 637 1564 sacrum,
651 1503 742 1548 casus
757 1481 892 1547 evadere
907 1483 984 1548 ferri

220 1582 312 1665 Quod
328 1583 414 1648 licuit
428 1606 538 1670 parvo.
583 1583 651 1648 Nec
667 1583 757 1672 longe
772 1584 884 1648 Cissea
898 1583 1020 1664 durum,

222 1683 451 1771 lmmanemque
465 1687 570 1772 Gyan,
585 1699 755 1752 sternentes
771 1690 895 1774 agmina
910 1686 1011 1767 clava,

220 1787 345 1873 Dejecit
361 1789 434 1852 leto.
478 1787 564 1852 Nihil
579 1787 649 1854 illos
665 1788 815 1854 Herculis
826 1809 925 1868 arma,

221 1891 288 1954 Nec
304 1891 416 1956 validae
426 1890 539 1979 juvere
554 1913 673 1972 manus,
686 1893 868 1980 genitorque
884 1890 1070 1977 Melampus,
1190 1895 1251 1954 330

223 1990 462 2066 hleidaeeomes
478 2013 575 2078 usque
590 2016 702 2082 graves
717 1993 790 2058 dum
807 2009 891 2060 terra
905 1993 1032 2058 labores

222 2093 368 2160 Praebuit,
412 2095 497 2160 Ecce
514 2096 627 2175 l’haro,
641 2117 735 2160 voces
750 2093 824 2160 dum
834 2097 935 2182 jactat
949 2094 1073 2174 inerma,

221 2197 403 2282 lntorquens
413 2196 553 2284 jaculum
568 2198 716 2263 clamanti
730 2199 809 2262 sistit
824 2199 937 2264 inore.

220 2302 271 2365 Tu
285 2322 420 2386 quoque,
434 2302 600 2367 flaventem
615 2300 717 2388 priinh
731 2302 875 2390 lanugine
890 2302 989 2368 malas

220 2403 305 2468 Dum
320 2407 460 2488 sequeris
475 2404 616 2490 Clytium
632 2403 750 2484 infelix,
765 2427 847 2470 nova
861 2405 986 2492 gaudia,
1000 2401 1127 2491 Cydon,
1191 2407 1251 2464 32⁵

220 2505 385 2570 Dardania
400 2519 513 2570 stratus
527 2505 649 2587 uexat,
663 2529 790 2571 securus
808 2528 957 2588 amorum,

147 2633 154 2642 ·
219 2607 283 2689 Qui
292 2609 440 2696 juvenum
456 2609 513 2673 tibi
527 2630 655 2700 semper
666 2622 764 2688 erant,
779 2609 964 2690 miserande,
974 2610 1112 2696 jaceres,

220 2711 262 2777 Ni
278 2713 408 2778 fratrum
424 2715 538 2799 stipata
552 2711 666 2776 cohors
681 2713 761 2776 foret
776 2711 880 2792 obvia,
896 2711 1012 2776 Phorci

222 2817 408 2902 Progeniem
430 2831 548 2903 septem
563 2838 691 2880 numero
706 2829 898 2902 septenaque
914 2814 978 2880 tela

221 2919 415 3005 Conjiciunt:
438 2920 548 3004 partim
564 2917 655 3005 galea
669 2918 848 3004 clypeoque
860 2918 1010 2984 resultant
1191 2921 1253 2978 330

221 3021 328 3101 lrrita;
350 3019 479 3086 deflexit
489 3021 601 3108 partim
615 3021 796 3107 stringentia
810 3043 925 3108 corpus

220 3123 311 3190 Alma
327 3125 446 3189 Venus.
491 3123 602 3189 Fidum
619 3123 733 3188 AEneas
749 3123 859 3189 affatur
874 3123 1037 3190 Achaten:

189 3297 193 3304 ,
222 3229 357 3314 Suggere
373 3227 436 3292 tela
450 3226 536 3307 mihi,
549 3250 611 3293 non
626 3227 722 3292 ullum
738 3227 870 3294 dextera
885 3229 1000 3293 frustra

203 3407 205 3412 Ι
221 3330 363 3395 Torserit
377 3329 409 3393 in
425 3329 566 3410 Rutulos,
580 3343 730 3396 steterunt
745 3353 814 3416 quae
829 3332 861 3395 in
875 3351 1009 3416 corpore
1023 3329 1152 3398 Graium

221 3433 323 3498 lliacis
337 3434 468 3518 campis.
511 3432 594 3498 Tum
609 3455 751 3520 magnam
766 3433 896 3520 corripit
910 3431 1042 3515 hastam,
1190 3439 1253 3496 335

222 3535 261 3598 Et
271 3535 367 3620 jacit:
391 3535 443 3600 illa
459 3535 567 3600 volans
582 3535 688 3623 clypei
704 3537 937 3602 transverberat
951 3556 1016 3602 aera

220 3635 360 3716 Maeonis,
374 3648 405 3701 et
419 3635 549 3702 thoraca
564 3638 654 3703 simul
668 3659 738 3703 curn
753 3651 881 3724 pectore
895 3639 1021 3724 rumpit.

161 3731 163 3734 ’
220 3737 308 3802 Huic
323 3738 420 3803 frater
434 3741 518 3804 subit
532 3739 680 3822 Alcanor,
694 3743 885 3824 fratremque
899 3753 1042 3808 ruentem

221 3841 378 3908 Sustentat
391 3840 522 3906 dextri:
545 3846 676 3932 trajecto
688 3843 779 3906 missa
796 3841 914 3906 lacerto
1223 3925 1228 3938 ,

222 3941 364 4008 Protinus
380 3943 469 4011 hasta
483 3946 569 4033 fugit,
584 3959 748 4032 seruatque
763 3957 892 4010 cruenta
906 3957 1063 4026 tenorem;
1192 3949 1256 4009 340

219 4043 424 4132 Dexteraque
439 4069 479 4111 ex
495 4047 624 4113 humero
639 4051 743 4114 nervis
757 4045 951 4138 moribunda¹
959 4045 1119 4134 pependit.

220 4147 301 4212 Turn
317 4149 468 4232 Numitor,
478 4149 587 4236 jaculo
601 4151 707 4216 fratris
721 4150 761 4216 de
775 4171 908 4238 corpore
922 4163 1023 4236 rapto,
1062 4169 1065 4176 ’
