2914 5130
203 483 270 542 eso·
330 559 338 568 ι
647 453 835 542 dusinus

247 647 287 716 Et
303 647 421 734 petiere
436 649 495 714 sibi
510 661 540 712 et
555 645 680 712 voluere
696 649 864 736 adjungere
878 663 995 736 gentes.

248 750 311 814 Sed
326 773 380 814 nos
397 751 459 814 luta
474 750 567 814 detim
581 763 699 816 vestras
711 753 876 836 exquirere
892 767 990 817 terras

249 849 389 936 imperiis
404 851 497 938 egbre
512 855 586 916 suis.
631 853 718 917 Hine
734 853 903 918 Dardanus
917 867 1001 918 ortus

248 955 322 1018 Hue
338 956 467 1042 repetit3
484 955 640 1042 jussisque
655 955 829 1042 ingentibus
845 969 931 1043 urget
946 954 1057 1041 Apollo

138 1079 146 1102 ·
247 1055 449 1142 Tyrrhenum
464 1057 504 1122 ad
519 1059 654 1144 Tybrim
669 1073 699 1122 et
714 1061 806 1122 sontis
821 1059 900 1124 rada
916 1079 1007 1122 sacra
1021 1057 1157 1125 Numici.

247 1159 311 1223 Dat
326 1160 380 1224 tibi
397 1163 693 1250 praeterealfortunae
708 1185 807 1248 parva
821 1163 932 1248 prioris

245 1261 389 1343 Munera,
401 1263 549 1348 reliquias
564 1264 661 1351 Trojb
676 1287 715 1327 ex
732 1263 860 1328 ardente
875 1277 1028 1349 receptus.

248 1365 321 1428 Hoc
336 1380 424 1450 pater
439 1367 590 1431 Anchises
605 1387 682 1430 auro
697 1365 815 1430 libabat
830 1365 870 1432 ad
886 1389 975 1431 aras:
1035 1406 1039 1420 ι

248 1468 321 1531 Hoc
338 1469 453 1532 Priami
467 1483 625 1555 gestamen
641 1483 717 1548 erat,
732 1491 826 1554 quum
837 1469 910 1556 jura
925 1473 1044 1536 vocatis

248 1575 338 1640 More
353 1575 442 1640 daret
456 1575 598 1662 populis3
620 1589 848 1662 sceptrumque,
863 1597 1013 1662 sacerque
1029 1578 1131 1656 tiaras,

248 1677 442 1764 Iliadumque
457 1677 547 1742 labor
561 1691 672 1743 vestes.

292 1779 421 1845 Talibus
438 1781 544 1845 llionei
558 1781 661 1860 dictis,
676 1779 779 1846 delixa
796 1781 925 1845 Latinus

247 1883 364 1947 Obtutu
380 1897 462 1946 tenet
477 1905 542 1962 ora,
556 1881 685 1966 soloque
699 1881 864 1945 immobilis
880 1882 985 1962 haeret,

248 1985 383 2049 lntentos
398 1983 524 2049 volvens
538 1983 665 2048 oeulos:
688 2007 744 2048 nee
760 2005 896 2070 purpura
911 2003 1016 2072 regem

226 2146 229 2156 .
249 2091 337 2157 Picta
352 2105 463 2173 movet,
478 2114 535 2156 nec
550 2105 674 2178 sceptra
689 2105 812 2155 movent
828 2093 983 2156 Priameia
998 2089 1124 2172 tantum,

248 2193 403 2278 Quanttim
419 2195 449 2259 in
463 2195 617 2260 connubio
632 2208 712 2260 natm
728 2193 924 2280 thalamoque
940 2207 1094 2259 moratur:

250 2297 289 2362 Et
304 2298 417 2361 veteris
433 2297 530 2362 Fauni
546 2297 641 2362 volvit
657 2297 715 2361 sub
730 2312 856 2382 pectore
871 2309 996 2361 sortem.

249 2399 344 2464 Hune
359 2397 443 2462 illum
458 2399 528 2462 lutis
543 2397 672 2463 externi
687 2399 728 2463 ab
743 2397 818 2464 sede
832 2401 1003 2485 proiectum

250 2500 395 2565 Portendi
409 2522 566 2586 generum,
580 2501 771 2586 paribusque
784 2505 817 2566 in
832 2523 928 2588 regna
942 2501 1049 2566 vocari

249 2603 422 2688 Auspiciis3
445 2603 516 2668 huie
531 2605 710 2689 progeniem
726 2604 835 2668 virtute
850 2607 982 2669 futuram

249 2705 424 2791 Egregium,
439 2719 468 2770 et
484 2719 577 2770 totum
594 2727 662 2790 quae
678 2705 797 2771 viribus
812 2720 943 2792 occupet
956 2707 1076 2770 orbem.

248 2803 391 2870 Tandem
408 2805 494 2871 laetus
509 2809 568 2872 aire
591 2807 637 2872 Di
651 2819 755 2871 nostra
770 2809 895 2892 inceptu
909 2807 1088 2890 secundent,

249 2909 479 2995 auguriumque
494 2932 592 2974 suum.
637 2909 782 2988 Dabitur,
797 2909 944 2997 Trojano,
960 2912 1043 2997 quod
1057 2927 1157 3000 optas.

249 3013 380 3076 Munera
396 3033 452 3074 nec
468 3033 590 3096 sperno.
634 3011 704 3076 Non
719 3013 818 3093 vobis,
832 3035 907 3102 rege
923 3015 1045 3096 Latino,

247 3113 361 3178 Divitis
376 3113 454 3178 uber
469 3118 535 3200 agri
550 3113 695 3200 Trojaeve
710 3115 866 3200 opulentia
881 3115 992 3182 deerit.

247 3218 317 3303 lpse
333 3215 425 3282 modb
440 3216 557 3282 AEneas
572 3217 680 3298 (nostri
695 3220 721 3282 si
735 3232 818 3283 tanta
833 3220 947 3306 cupido
967 3235 1021 3298 est,

248 3325 280 3386 Si
292 3323 379 3408 jungi
396 3321 527 3406 hospitio
541 3333 698 3406 properat,
714 3323 877 3407 sociusque
891 3323 1029 3405 vocari)

248 3425 424 3504 Adveniat3
446 3425 546 3488 vultus
561 3447 639 3488 neve
654 3423 856 3489 exhorrescat
871 3425 998 3489 amieos.

248 3528 324 3592 Pars
339 3527 414 3591 milri
431 3528 516 3612 pacis
531 3527 587 3590 erit
602 3525 744 3590 dextram
760 3526 894 3614 tetigisse
911 3529 1045 3614 tyranni.

247 3629 315 3693 Vos
330 3629 438 3692 contria
454 3629 519 3714 regi
534 3649 602 3690 mea
617 3649 695 3690 nune
712 3627 857 3691 mandata
872 3629 997 3692 referte.

248 3731 304 3794 Est
319 3729 394 3794 milri
409 3742 491 3808 nata,
506 3729 572 3792 viro
586 3733 685 3815 gentis
701 3751 793 3814 (jeram
804 3730 935 3814 jungere
951 3743 1072 3808 nostem,

247 3832 318 3896 Non
334 3835 436 3918 patrio
452 3855 490 3895 ex
506 3831 602 3918 adyto
618 3847 724 3912 sortes,
739 3853 799 3895 non
814 3830 946 3916 plurima
961 3833 1042 3896 coelo

248 3935 388 4000 Monstra
402 3937 518 3998 sinunt:
541 3957 670 4022 generos
685 3933 820 4000 externis
836 3931 932 3998 affore
946 3935 989 3998 ab
1004 3940 1077 4016 oris,

247 4043 320 4106 Hoc
337 4042 429 4105 Latio
444 4055 561 4105 restare
576 4057 698 4120 canunt,
713 4041 764 4128 qui
780 4040 927 4128 sanguine
942 4055 1080 4106 nostrum

247 4141 367 4208 Nomen
379 4145 408 4208 iu
425 4155 508 4208 ostra
524 4145 635 4210 serant.
679 4147 773 4210 Hune
789 4142 875 4208 illum
890 4165 1022 4232 poscere
1037 4145 1101 4208 lata
