2956 5132
686 483 871 550 affluat.

266 642 332 710 Per
345 653 475 717 terram,
490 647 522 701 et
535 632 632 700 versa
644 631 748 720 pulvis
762 635 944 700 inscribitur
959 634 1060 702 hasta.

266 747 397 811 Interea
413 741 455 808 ad
469 738 621 826 templum
636 760 697 804 non
713 755 810 824 aquae
827 738 967 806 Palladis
982 741 1069 807 ibant

267 849 425 914 Crinibus
440 843 559 910 lliades
573 845 684 928 passis,
696 841 891 928 peplumque
901 844 1046 910 serebant
1246 851 1309 911 tau

273 948 469 1036 Suppliciter
484 949 602 1024 tristes,
617 959 646 1010 et
660 958 757 1010 tunsa
772 957 902 1030 pectora
915 945 1039 1032 palmis
1235 959 1238 966 '

271 1051 360 1116 Diva
373 1049 441 1116 solo
455 1049 537 1114 fixos
550 1046 658 1112 oculos
672 1067 787 1112 aversa
801 1048 938 1112 tenebat.

268 1155 340 1218 Ter
353 1157 476 1218 circum
489 1151 603 1216 lliacos
617 1163 801 1235 raptaverat
815 1149 960 1214 Hectora
974 1172 1088 1232 muros,

272 1259 532 1340 Exanimumque
546 1275 622 1318 auro
637 1275 751 1338 corpus
765 1253 925 1319 vendebat
939 1253 1090 1322 Achilles.

268 1360 356 1426 lium
369 1357 448 1423 verb
461 1360 616 1443 ingentem
629 1358 778 1442 gemitum
792 1355 846 1419 dat
860 1367 989 1441 pectore
1004 1358 1045 1428 ab
1060 1361 1131 1440 imo,
1241 1361 1304 1422 485

275 1463 322 1528 Ut
336 1461 450 1548 spolia,
465 1473 497 1526 ut
512 1481 634 1540 cturus,
648 1473 744 1544 utque
759 1461 860 1544 ipsum
874 1481 988 1544 corpus
1003 1465 1106 1541 amici,
1275 1460 1282 1483 ¹

273 1565 531 1649 Tendentemque
546 1583 657 1628 manus
673 1562 830 1626 Priamum
844 1556 1009 1648 conspexit
1024 1567 1169 1630 inermes.

276 1670 320 1734 Se
334 1690 455 1754 quoque
469 1667 668 1754 principibus
682 1668 870 1752 permixtum
886 1670 1013 1754 agnovit
1027 1666 1168 1748 Achivis,

278 1771 428 1856 ansque
443 1774 539 1851 acies,
555 1783 587 1834 et
601 1770 683 1854 nigri
699 1767 874 1834 Memnonis
889 1789 987 1836 arma.

274 1873 377 1938 Ducit
391 1871 618 1940 Amazonidum
633 1869 746 1936 lunatis
762 1875 886 1958 agmina
900 1871 992 1959 peltis
1248 1880 1309 1940 490

276 1974 476 2042 Penthesilea
489 1977 606 2056 huens,
620 1970 796 2057 mediisque
811 1975 844 2037 in
858 1971 996 2038 millibus
1011 1973 1110 2056 ardet,

274 2081 384 2143 Aurea
398 2063 589 2144 subnectens
604 2087 739 2140 exserta
754 2072 880 2161 cingula
894 2094 1036 2142 mammo

276 2179 445 2260 Bellatrix,
460 2179 619 2266 audetque
632 2182 711 2244 viris
726 2198 916 2244 concurrere
931 2181 1031 2266 virgo.

319 2284 406 2348 Hac
421 2281 497 2348 dum
511 2281 677 2348 Dardanio
692 2281 801 2346 AEneto
816 2279 961 2346 miranda
975 2279 1128 2363 videntur,
1242 2341 1254 2366 ,

272 2383 365 2450 Dum
380 2395 492 2469 stupet,
507 2383 673 2470 obtutuque
688 2381 1057 2467 nereidefixusinum,
1247 2393 1308 2454 49⁵

273 2488 406 2574 Regina
421 2485 461 2552 ad
470 2486 631 2574 templum,
645 2486 747 2552 forma
760 2485 984 2574 pulcherrima,
998 2485 1084 2554 Dido

273 2591 420 2670 incessit,
432 2589 542 2677 maguti
551 2591 704 2678 juvenum
718 2592 852 2674 stipante
867 2588 1005 2656 catervii.

273 2692 389 2777 Qualis
402 2697 435 2758 in
450 2693 577 2758 Eurottc
591 2696 671 2780 ripis
686 2704 740 2758 aut
753 2715 811 2780 per
820 2695 898 2782 juga
912 2691 1035 2780 Cynthi

276 2797 417 2862 Exercet
430 2796 538 2864 Diana
551 2797 685 2878 choros;
707 2817 802 2883 quam
816 2795 901 2862 mille
913 2810 1029 2862 secuta

274 2899 367 2966 Hinc
378 2899 780 2987 atqnehincglomerantur
789 2899 951 2980 Oreades3
966 2897 1021 2964 illa
1030 2899 1212 2986 pharetram
1248 2909 1310 2969 ⁵00

277 3001 355 3068 Fert
369 3001 509 3084 humero,
521 3001 732 3090 gradiensque
746 3001 824 3067 deas
838 3005 1047 3087 supereminet
1059 3025 1183 3072 omnes:

277 3103 409 3168 Latom
425 3107 553 3170 tacitum
567 3115 746 3189 pertentant
759 3103 876 3190 gaudia
889 3117 1010 3190 pectus.

262 3205 368 3284 ‚Talis
383 3219 451 3272 erat
465 3205 563 3286 Dido,
577 3205 672 3272 talem
686 3229 720 3272 se
736 3206 809 3272 lata
823 3205 946 3274 serebat

278 3309 341 3374 Per
356 3309 486 3392 medios,
501 3313 619 3376 instans
634 3314 724 3398 operi
741 3314 908 3400 regnisque
922 3312 1042 3376 fututris.

277 3413 362 3478 Tum
376 3413 495 3480 loribus
509 3412 603 3494 dive,
617 3413 723 3480 medii
737 3413 890 3480 testudine
905 3412 1022 3500 templi,
1248 3423 1309 3482 ⁵05

283 3517 380 3601 Septa
394 3521 493 3582 mmis
506 3515 647 3603 solioque
663 3516 726 3582 alth
740 3518 884 3598 subnixa,
899 3515 1027 3582 resedit.
1209 3508 1213 3522 '

278 3618 358 3684 Jura
370 3619 471 3685 dabat
485 3619 631 3708 legesque
646 3625 734 3702 viris,
748 3641 939 3708 operumque
955 3618 1096 3686 lahorem

281 3718 428 3786 Partibus
443 3723 591 3806 aequabat
600 3725 703 3810 justis,
718 3737 771 3788 aut
785 3735 868 3788 sorte
883 3721 1046 3788 trahebat:

280 3822 383 3904 Quum
397 3823 507 3888 subitb
517 3825 631 3892 AEneas
645 3847 799 3892 concmsu
815 3825 970 3892 accedere
986 3847 1099 3913 magno

278 3924 415 4001 Anthea,
431 3927 668 4014 Sergestumque
683 3928 780 4008 videt,
794 3929 967 4013 sortemque
983 3927 1183 4014 Cloanthum,
1248 3941 1310 4000 tto

277 4027 538 4114 Teucrorumque
554 4029 642 4112 alios,
656 4045 724 4096 ater
739 4052 817 4116 quos
832 4048 958 4114 aequore
973 4033 1064 4099 turbo

277 4127 478 4214 Disptderat,
490 4130 672 4218 penititsque
687 4132 766 4199 alias
782 4145 931 4198 avexerat
945 4155 1029 4200 oras.
