2914 5130
166 485 229 542 m
614 481 805 542 AENElDOS

212 639 246 704 Si
261 657 410 704 concessa
425 649 508 724 peto,
523 640 550 701 si
565 635 642 702 dant
656 659 695 702 ea
710 641 825 716 moeuia
842 639 962 707 Parca.
1075 649 1080 657 ’

253 741 340 806 Tum
350 742 512 806 Saturnius
528 739 596 804 haec
610 739 745 804 domitor
758 743 855 806 maris
870 741 968 806 edidit
983 741 1057 809 altis

171 873 175 890 ·
211 845 273 910 Fas
287 867 378 942 omne
393 858 450 926 est,
465 843 638 931 Cytherea,
652 845 728 908 meis
744 859 774 909 te
789 844 886 908 lidere
900 847 1014 930 regnis,
1185 857 1255 914 000·

211 947 303 1014 Unde
318 971 413 1036 genus
427 948 534 1013 ducis:
556 952 656 1014 merui
671 970 815 1035 quoque3
836 949 923 1035 saepia
938 953 1059 1016 frrrores

210 1052 391 1136 Compressi
405 1064 436 1116 et
449 1053 571 1116 rabiem
586 1064 703 1116 tantam
717 1053 853 1138 coelique
867 1054 1035 1140 marisque.

210 1153 241 1218 N
243 1177 278 1218 ec
293 1155 392 1219 minor
406 1155 437 1219 in
451 1156 553 1232 terris,
568 1153 727 1218 Xanthum
743 1156 963 1239 Simoentaque
976 1169 1083 1237 testor,

211 1257 314 1322 AEneae
329 1256 404 1321 mihi
418 1277 496 1321 cura
511 1257 565 1322 tui.
609 1258 712 1340 Quum
727 1257 826 1322 Troia
840 1258 982 1323 Achilles

169 1389 172 1400 ·
209 1359 397 1426 Exanimata
411 1379 544 1444 sequens
559 1359 743 1446 impingeret
757 1363 879 1446 agmina
895 1362 1000 1441 muris,
1183 1371 1245 1429 005

209 1462 312 1544 Millia
326 1462 423 1528 multe
435 1461 528 1527 daret
543 1462 614 1542 leto,
628 1475 849 1548 gemerentque
863 1463 975 1548 repleti

208 1567 335 1646 Amnes,
349 1587 407 1630 nec
422 1549 563 1652 reperire
578 1569 661 1630 mam
676 1579 770 1651 atque
785 1565 931 1632 evolvere
946 1580 1053 1652 posset

209 1669 244 1733 ln
259 1691 344 1734 mare
359 1691 393 1734 se
409 1669 571 1749 Xanthus3
595 1667 711 1734 Pelidae
727 1683 798 1734 tunc
814 1691 872 1756 ego
887 1671 960 1734 forti

206 1775 415 1861 congressum
431 1775 560 1857 AEnean,
574 1797 634 1841 nec
648 1776 698 1840 dis
711 1797 769 1841 nec
785 1778 905 1843 viribus
920 1782 1029 1863 equis,

170 1923 172 1928 ,
207 1879 301 1943 Nube
315 1880 393 1944 cava
406 1883 507 1964 rapui,
522 1899 670 1964 cuperem
685 1901 779 1964 quum
795 1892 917 1944 vertere
933 1881 975 1945 ab
990 1881 1051 1945 imo
1180 1891 1243 1949 010

208 1984 333 2048 Structa
348 1985 424 2048 meis
438 1983 580 2048 manibus
594 1985 729 2071 perjurae
745 1984 859 2048 moenia
874 1983 991 2071 Trojae.

207 2083 297 2150 Nunc
313 2107 436 2172 quoque
451 2105 537 2150 mens
553 2085 665 2150 eadem
679 2098 797 2170 perstat
810 2085 886 2150 mihi
901 2111 910 2164 3
932 2084 1015 2172 pelle
1030 2089 1191 2152 timorem.¹

206 2187 306 2278 Tutus
321 2213 398 2276 quos
412 2203 501 2276 optas
516 2203 623 2276 portus
638 2188 770 2254 accedet
784 2191 902 2254 Averni
914 2213 921 2252 ι

207 2291 296 2358 Unus
311 2291 509 2373 oritanum,
524 2294 670 2358 amissum
684 2313 776 2376 quem
789 2295 910 2380 gurgite
926 2304 1063 2377 quoeret3

197 2394 311 2461 'Unum
325 2418 383 2482 pro
397 2397 500 2460 multis
513 2395 641 2460 dabitur
654 2407 760 2481 caput.
1163 2401 1239 2460 ata

248 2499 310 2564 His
325 2499 379 2564 ubi
394 2499 467 2564 laeta
480 2497 549 2563 deae
563 2498 725 2584 permulsit
738 2511 869 2584 pectora
883 2497 985 2577 dictis,

204 2603 311 2688 Jungit
325 2623 422 2687 equos
436 2623 513 2667 auro
527 2604 658 2687 genitor,
673 2603 911 2686 spumantiaque
926 2599 1014 2666 addit

206 2705 319 2770 Frena
333 2707 417 2786 seris,
431 2705 636 2790 manibusque
651 2725 757 2769 omrres
772 2703 901 2769 effundit
916 2705 1068 2770 habenas.

206 2814 350 2879 Caeruleo
364 2837 422 2899 per
435 2833 552 2877 summa
568 2813 645 2878 levis
660 2813 745 2877 volat
758 2833 887 2898 aequora
901 2835 1014 2878 curru:

205 2919 374 2984 Subsidunt
388 2917 489 2997 undae,
503 2916 715 3002 tumidumque
730 2917 788 2981 sub
803 2937 864 2980 axe
879 2917 997 2982 tonanti
1175 2925 1237 2981 820

204 3022 359 3087 Sternitur
371 3041 479 3106 aequor
493 3021 601 3105 aquis3
623 3020 740 3106 lugiunt
755 3032 843 3082 vasto
857 3018 975 3084 aethere
990 3019 1098 3084 nimbi.

203 3125 286 3190 Tum
300 3125 396 3189 variae
410 3123 555 3186 comitum
570 3124 686 3201 sacies3
708 3121 855 3186 immania
870 3135 949 3200 cete,
1032 3113 1037 3128 ⁸

150 3283 154 3298 ,
204 3229 245 3294 Et
259 3231 363 3293 senior
376 3226 489 3292 Glauci
503 3225 627 3307 chorus,
642 3227 795 3312 lnoiisque
816 3226 982 3308 Palaemon,

203 3332 409 3416 Tritonesque
423 3330 485 3410 citi,
500 3329 675 3417 l²horcique
691 3331 972 3394 exercitus-omnis.

202 3437 300 3502 Laeva
315 3448 419 3500 tenent
433 3434 553 3513 Thetis,
567 3447 599 3498 et
614 3432 731 3514 Melite,
747 3433 956 3518 Panopeaque
973 3435 1072 3520 virgo,
1173 3439 1233 3498 825

203 3540 325 3620 Nesaee,
341 3541 488 3625 Spioque,
503 3536 691 3624 Thaliaque,
706 3535 964 3623 Cymodoceque.

244 3649 310 3713 Hic
326 3649 425 3734 patris
440 3643 545 3739 AEneae
556 3664 741 3729 ‚suspensam
756 3641 875 3706 blanda
889 3641 1022 3706 vicissim

200 3751 325 3816 Gaudia
340 3760 515 3836 pertentant
529 3760 682 3812 mentem:
700 3745 791 3833 jubet
805 3743 892 3810 ocius
907 3767 1014 3810 omnes

201 3852 309 3920 Attolli
324 3852 429 3932 malos,
443 3851 561 3916 intendi
575 3849 705 3914 brachia
719 3847 808 3913 velis.
941 3917 945 3926 ,

201 3953 274 4022 Una
288 3978 394 4019 omnes
409 3955 514 4020 secere
529 3955 661 4042 pedem3
682 3957 863 4042 pariterque
878 3955 1027 4038 sinistros,
1171 3963 1233 4020 830

201 4059 291 4124 Nunc
307 4057 442 4138 dextros,
457 4059 579 4124 solvere
594 4062 698 4138 sinus3
720 4057 780 4122 und
795 4053 895 4122 ardua
910 4069 1054 4144 torquent
1072 4052 1076 4074 '

199 4163 337 4243 Cornua,
351 4161 618 4248 detorquentquer
641 4164 744 4229 ferunt
758 4183 814 4228 sua
829 4161 954 4229 flamina
966 4163 1110 4229 classem.
