2978 5124
192 510 253 566 350
635 507 822 566 AENEIDOS

280 656 359 722 Rem
375 657 449 722 nulli
464 659 639 738 obscuram,
653 670 765 722 nostre
781 679 838 722 nec
852 659 938 724 vocis
952 673 1102 746 egentem,

237 758 389 838 Consulis,
404 784 423 825 ο
438 761 519 826 bone
531 779 590 824 rex
602 783 609 823 :
619 764 736 824 cuncti
751 782 784 823 se
799 763 880 824 scire
895 761 1028 826 latentur

235 862 317 945 Quid
333 864 452 928 fortuna
467 864 546 928 leret
559 861 664 948 populi
677 887 685 941 ;
707 861 761 926 sed
776 861 881 926 dicere
896 877 1042 928 mussant.
1197 873 1260 931 ³45

235 963 300 1028 Det
314 963 488 1028 libertatem
503 961 598 1042 fandi,
614 963 764 1047 flatusque
779 962 923 1042 remittat,

235 1065 331 1152 Cujus
346 1065 388 1130 ob
402 1067 572 1150 auspicium
588 1065 750 1130 infaustum
765 1085 928 1149 moresque
943 1064 1081 1134 sinistros

233 1168 367 1252 (Dicam
383 1167 535 1253 equidem,
553 1169 625 1232 licet
640 1188 726 1231 arma
742 1165 815 1230 mihi
830 1182 1020 1252 mortemque
1034 1168 1187 1252 minetur)

236 1271 367 1335 Lumina
383 1283 424 1335 tot
439 1271 589 1336 cecidisse
604 1269 726 1350 ducum,
741 1281 898 1354 tutamque
914 1269 1055 1336 videmus

236 1373 423 1438 Consedisse
438 1374 547 1438 urbem
562 1373 655 1450 luctu,
670 1371 743 1435 dum
757 1371 855 1436 Troia
869 1382 965 1436 tentat
1196 1379 1260 1439 ³⁵0

233 1473 357 1554 Castra,
371 1476 449 1560 luga
465 1475 572 1554 fidens,
588 1487 617 1536 ct
631 1473 743 1536 coelum
759 1475 879 1536 territat
894 1473 997 1539 armis.

236 1575 339 1640 Unum
355 1581 448 1642 etiam
463 1567 550 1641 donis
566 1577 639 1656 istis,
654 1596 723 1660 quae
738 1575 872 1659 plurima
886 1579 965 1641 mitti

233 1677 426 1743 Dardanidis
441 1679 565 1763 dicique
575 1679 677 1764 jubes,
692 1697 794 1756 unum,
809 1678 924 1762 optime
938 1701 1055 1764 regum,

234 1779 393 1866 Adjicia53
414 1803 472 1846 uec
488 1794 517 1844 te
532 1779 621 1844 ullius
637 1777 784 1843 violentia
798 1781 913 1858 vincat,

230 1882 316 1964 Quin
330 1899 453 1970 gnatam
469 1881 591 1970 egregio
605 1903 720 1968 genero
734 1880 896 1966 dignisque
912 1882 1082 1966 hymenaeis

232 1982 299 2048 Des
314 2001 456 2070 pertenet
471 2007 580 2072 pacem
596 1985 675 2050 hanc
690 1997 806 2048 aterno
820 1981 940 2048 ioedere
954 1984 1068 2048 firmes.

231 2083 325 2166 Qudd
340 2091 366 2150 si
382 2101 482 2152 tantus
497 2087 594 2151 habet
608 2098 725 2151 mentes
739 2097 770 2148 et
784 2096 911 2169 pectora
926 2098 1034 2166 terror,

235 2187 337 2272 ipsum
352 2191 549 2270 obtestemur,
564 2193 747 2273 veniamque
761 2208 882 2251 oremus
897 2189 939 2252 ab
954 2193 1039 2274 ips03

230 2289 347 2370 Cedat,
356 2293 407 2378 jus
422 2293 578 2378 proprium
593 2291 658 2376 regi
672 2291 843 2376 patrieque
859 2293 1004 2354 remittat.

229 2391 318 2472 Quid
332 2394 459 2458 miseros
474 2387 562 2458 toties
577 2397 609 2458 in
624 2407 732 2478 aperta
746 2391 886 2477 pericula
899 2395 985 2458 cives
1063 2459 1067 2464 ,

233 2493 370 2580 Projicis‚
384 2520 404 2561 ο
418 2497 510 2562 Latio
524 2509 617 2582 caput
632 2496 741 2560 horum
755 2508 786 2558 et
799 2513 894 2560 causa
908 2494 1081 2562 malorum?

233 2593 328 2660 Nulla
342 2598 424 2662 salus
438 2598 540 2664 bello:
564 2621 674 2685 pacem
689 2613 718 2662 te
733 2599 886 2683 poscimus
900 2619 1017 2679 omnes,

228 2693 348 2777 Turne,
362 2699 452 2764 simul
466 2703 554 2784 pacis
568 2698 665 2764 sulum
678 2699 858 2764 inviolabile
873 2701 994 2784 pignus.

231 2796 353 2865 Primus
369 2821 435 2887 ego,
450 2803 580 2865 invisum
596 2821 686 2884 quem
702 2814 732 2864 tu
748 2801 804 2864 tibi
819 2799 917 2885 fingis,
931 2815 963 2864 et
977 2821 1045 2866 esse

232 2897 285 2964 Nil
299 2922 412 2981 moror,
426 2925 465 2968 en
479 2901 610 2988 supplex
625 2905 735 2966 venio:
759 2907 905 2966 miserere
919 2914 1038 2968 tuorum
1050 2929 1059 2983 ;

121 3034 123 3042 s
232 3001 316 3068 Pone
331 3009 458 3088 animos,
474 3019 503 3070 et
517 3005 622 3091 pulsus
637 3007 701 3071 abi.
746 3007 801 3069 Sat
814 3007 923 3070 funera
935 3007 996 3070 lusi

234 3101 386 3188 Vidimus,
401 3107 537 3193 ingentes
552 3119 582 3170 ct
596 3105 801 3170 desolavimus
816 3127 917 3192 agros

232 3203 304 3284 Aut,
319 3209 344 3268 si
360 3207 442 3271 lama
457 3221 568 3288 movet,
583 3211 609 3271 si
625 3220 741 3272 tantum
754 3221 882 3292 pectore
897 3206 992 3272 robur

227 3304 391 3394 Concipis,
406 3323 436 3374 et
451 3311 477 3374 si
491 3307 571 3374 aden
585 3309 694 3374 dotalis
707 3312 795 3394 regia
809 3307 898 3373 cordi
912 3321 968 3388 est,

229 3407 331 3489 elude,
351 3423 443 3496 atque
458 3409 622 3476 adversum
636 3409 734 3476 fidens
749 3410 796 3474 ler
810 3423 917 3496 pectus
931 3411 963 3474 in
976 3408 1105 3478 hostem.

227 3509 366 3592 Scilicet,
381 3527 413 3576 ut
427 3513 533 3578 Turno
547 3514 702 3600 contingat
715 3516 802 3600 regia
815 3515 938 3600 conjux,

227 3609 302 3692 Nos,
317 3614 425 3678 animae
441 3614 526 3695 viles,
541 3615 698 3680 inhumata
712 3614 877 3701 infletaque
892 3616 993 3698 turba,

228 3711 409 3780 Sternamur
423 3719 558 3803 campis!
581 3718 622 3782 Et
632 3717 697 3803 jam
712 3730 753 3797 tu,
767 3717 793 3782 si
808 3739 869 3802 qua
885 3717 941 3782 tibi
955 3720 1011 3800 vis,

228 3812 263 3874 Si
277 3817 368 3898 patrii
382 3818 455 3903 quid
471 3820 582 3884 Martis
596 3819 704 3899 habes,
717 3817 803 3886 illum
817 3820 943 3905 adspice
957 3821 1064 3886 contri

226 3917 292 3998 Qui
305 3937 407 3988 vocat.

179 4040 182 4056 ’
271 4020 399 4089 Talibus
415 4031 530 4092 exarsit
544 4027 634 4094 dictis
649 4027 793 4096 violentia
807 4027 922 4108 Turni3

228 4119 293 4184 Dat
307 4129 461 4210 gemitum,
474 4133 651 4217 rumpitque
664 4131 722 4198 thas
735 4133 799 4198 imo
811 4143 938 4218 pertore
952 4151 1061 4200 uoces:
