2956 5132
182 491 237 552 182
614 477 803 542 minos
1005 517 1043 542 1..

225 638 347 708 Verium
362 636 483 716 eadem,
496 651 587 700 verso
601 635 702 698 tentus
717 649 811 717 quum
826 627 1080 698 cardiue'veutus

224 741 358 830 Impulit,
372 753 405 808 et
417 754 542 804 teneras
558 735 696 800 arrhavit
705 735 802 822 janua
816 731 952 813 frondes,

224 845 391 930 Nunquam
405 838 520 906 deinde
533 859 614 904 cavo
627 835 790 902 volitantia
803 835 959 923 prendere
973 857 1062 918 saxo,

226 949 295 1014 Nec
308 965 459 1013 revocare
474 947 560 1024 situs,
575 955 628 1008 aut
637 942 769 1028 jungere
783 944 925 1006 carmina
940 955 1042 1008 curat.

225 1049 393 1120 inconsulti
408 1050 533 1126 abeunt,
547 1045 716 1130 sedemque
729 1043 828 1110 odire
842 1044 981 1132 sibyllae.

227 1154 294 1220 Hic
310 1152 367 1216 tibi
381 1171 420 1216 ne
435 1168 497 1236 qua
512 1167 607 1213 mure
622 1148 736 1212 luerint
749 1145 915 1232 dispendia
928 1150 1015 1230 tanti,

226 1257 377 1340 Quamvis
392 1255 579 1338 increpitent
592 1252 680 1331 socii,
695 1262 726 1314 et
739 1252 771 1313 vl
786 1268 895 1314 cursim
909 1254 943 1316 in
957 1251 1053 1318 altum

226 1357 311 1424 Vela
324 1353 425 1436 vocet,
438 1353 601 1442 possisque
615 1352 699 1418 sium
714 1351 845 1436 implere
859 1353 1025 1434 secundus,

228 1461 311 1544 Quin
326 1457 423 1522 adeas
436 1469 550 1535 vatem,
563 1453 772 1540 precibusque
787 1452 915 1519 oracula
928 1475 1060 1540 poscas:

225 1563 301 1649 lpsa
315 1575 416 1642 canat,
430 1581 602 1646 vocemque
616 1559 724 1624 volens
739 1569 833 1645 atque
848 1579 905 1626 ora
918 1561 1065 1626 resolvat.

228 1657 286 1728 llla
300 1664 359 1728 tibi
372 1661 471 1728 ltaliae
485 1657 626 1748 populos,
637 1672 830 1746 venturaque
844 1659 940 1744 bella,

229 1765 270 1832 Et
285 1787 346 1852 quo
361 1765 514 1851 quemque
528 1762 622 1828 modo
636 1763 798 1850 fugiasque
812 1765 958 1851 ferasque
972 1765 1124 1848 lahorem,

228 1867 403 1955 Fmpediet3
423 1885 593 1950 cursusque
608 1864 698 1929 dabit
710 1878 861 1930 venerata
871 1865 1037 1932 secundos.

229 1972 313 2038 Haec
327 1983 396 2037 suut
411 1989 480 2054 quae
494 1966 600 2032 nostri
613 1967 706 2032 liceat
720 1979 751 2032 te
766 1983 843 2034 voce
858 1969 988 2034 moneri.

230 2075 324 2142 Vade
339 2096 407 2162 age,
421 2086 453 2137 et
466 2075 622 2158 ingentem
636 2071 728 2137 sactis
742 2073 791 2136 fer
805 2072 848 2137 ad
861 2071 981 2138 ethera
994 2071 1132 2160 ihajam.

272 2177 350 2260 Que
365 2187 529 2262 postquam
542 2187 631 2240 vates
645 2176 690 2240 sic
705 2197 759 2240 ore
775 2173 884 2240 effatus
899 2177 1000 2241 amico
1014 2189 1070 2256 est,

229 2278 324 2347 Dona
338 2277 451 2345 dehinc
466 2295 542 2342 auro
555 2279 672 2365 gravia,
686 2291 833 2364 sectoque
848 2278 1024 2366 elephanto,

229 2385 365 2470 imperat
379 2379 421 2446 ad
435 2399 529 2446 naves
542 2380 627 2460 ferri,
641 2381 796 2467 stipatque
809 2381 924 2446 carinis

231 2488 341 2574 lugens
356 2496 525 2571 argentum,
538 2482 779 2570 Dodouaeosque
794 2484 924 2564 lebetas,

231 2587 377 2653 Loricam
391 2597 566 2650 consertam
580 2585 681 2650 hamis
694 2603 832 2672 auroque
847 2587 987 2668 trilicem,

231 2689 273 2754 Et
286 2709 397 2754 conum
411 2685 535 2774 insignis
548 2683 657 2772 galeae,
671 2688 844 2775 cristasque
858 2702 1024 2772 comantes,

232 2793 330 2857 fflma
343 2786 550 2876 Neoptolemi.
595 2789 672 2854 Sunt
686 2803 717 2854 et
731 2811 787 2856 sua
801 2791 884 2858 dona
898 2793 1027 2878 parenti.

232 2893 330 2962 Addit
344 2915 449 2980 equos,
464 2890 612 2978 additque
625 2891 739 2960 duces:

234 2997 408 3086 Remigium
421 2996 563 3084 supplet3
585 2997 685 3061 socios
700 2996 789 3061 simul
804 2997 923 3064 annuit
938 2998 1041 3064 armis.

278 3103 400 3168 Interea
413 3100 545 3167 classem
558 3100 635 3165 velis
649 3112 759 3187 aptare
769 3101 904 3191 jubebat

235 3199 396 3284 Anchises,
410 3202 498 3268 fieret
512 3214 605 3268 vento
618 3223 707 3268 mora
721 3225 762 3268 ne
777 3224 839 3290 qua
848 3206 975 3272 serenti.

234 3307 336 3391 Quem
351 3305 462 3372 Phoebi
475 3307 576 3392 interp
641 3303 736 3370 multo
749 3305 916 3393 compellat
930 3308 1067 3375 honore:

235 3409 398 3499 conjugio,
413 3408 559 3490 Anchisa,
608 3409 708 3474 eaesis
722 3407 846 3496 dignate
859 3411 1005 3497 superbo,

235 3511 324 3580 Cura
337 3513 440 3594 dedm,
453 3513 503 3578 his
517 3512 694 3598 Pergameis
708 3525 815 3599 erepte
829 3514 935 3596 ruinis,

237 3613 322 3682 Ecce
336 3615 393 3681 tibi
407 3617 553 3682 Ausonia
568 3610 676 3694 tellus3
697 3614 778 3680 hanc
793 3617 897 3704 arripe
908 3617 996 3684 velis.

238 3717 280 3797 Et
293 3733 395 3786 tamen
409 3718 491 3786 hanc
502 3717 616 3806 pelago
629 3717 854 3801 preterlabere
868 3741 995 3788 necesse
1009 3732 1073 3785 est:

239 3823 384 3886 Ausoniis
398 3839 473 3908 pars
487 3820 541 3886 illa
554 3816 664 3906 procul
687 3838 781 3902 quam
795 3822 903 3906 pandit
916 3819 1041 3910 Apollo.

240 3920 344 4002 Vade,
358 3922 411 4003 ait,
423 3946 444 3989 o
458 3923 533 3988 felix
546 3920 611 3988 nati
624 3920 757 4008 pietate!
779 3921 862 4005 Quid
873 3923 954 3989 ultra

217 4027 219 4032 '
242 4021 411 4105 Provehor‚
424 4038 455 4090 et
469 4022 563 4090 fando
577 4035 735 4111 surgentes
748 4021 893 4091 demoror
906 4029 1045 4092 ausmosi

240 4123 309 4191 Nec
322 4123 422 4194 unta
435 4127 666 4211 Andromache,
678 4127 821 4218 digressu
834 4137 946 4198 mesta
958 4149 1113 4218 supremo,
