2914 5130
202 451 260 508 250
647 445 836 512 mutos

245 605 466 692 Ingentemq'ue‘
480 604 553 691 lugd
567 608 667 672 secuit
681 606 740 670 sub
754 606 891 674 nubibus
907 618 1025 674 arcum.

244 707 327 772 Tum
342 707 418 772 vero
432 711 571 775 attonitae
586 710 742 788 monstris,
757 723 898 795 actaeque
914 711 1030 793 surore,

247 810 463 892 Conclamant,
479 815 665 898 rapiuntque
680 813 759 878 locis
773 814 987 898 penetralibus
1002 819 1124 904 ignem:
1222 823 1284 892 660

249 917 326 980 Pars
341 913 475 1002 spoliant
489 937 571 996 ares,
585 913 728 980 frondem
743 935 781 980 ac
796 916 928 1002 virgulta
944 905 1092 1006 facesque

247 1021 445 1108 Conjiciunt:
468 1019 542 1084 furit
556 1023 702 1088 immissis
718 1020 880 1088 Vulcanus
893 1023 1026 1092 habenis

248 1125 400 1188 Transtra
414 1145 481 1210 per,
496 1136 527 1188 et
541 1145 655 1204 remos,
665 1137 696 1188 et
709 1125 809 1209 pictas
824 1125 930 1192 abiete
944 1148 1077 1213 puppes.

247 1226 380 1290 Nuntius
395 1225 542 1290 Anchise
558 1223 598 1290 ed
615 1224 764 1292 tumulum
777 1247 956 1312 cuneosque
971 1229 1086 1294 theatri

249 1329 394 1392 lncensas
410 1329 528 1415 perfert
542 1350 639 1392 naves
654 1327 800 1394 Eumelus
815 1355 825 1408 3
846 1343 876 1394 et
892 1333 952 1414 ipsi
1221 1340 1284 1398 665

249 1430 433 1518 Respiciunt
447 1445 546 1496 atram
562 1430 593 1496 in
607 1431 714 1498 nimbo
728 1429 861 1498 volitare
875 1431 1025 1499 favillam.

248 1535 369 1598 Primus
383 1548 414 1600 et
428 1537 592 1614 Ascanius,
606 1556 715 1600 cursus
729 1549 763 1600 ut
777 1534 864 1600 ltetus
879 1551 1041 1621 equestres

246 1635 404 1717 Ducebat,
418 1638 464 1702 sic
479 1659 554 1702 acer
569 1657 650 1721 equo
665 1638 790 1702 turbata
804 1637 914 1722 petivit

248 1740 382 1820 Cestros
404 1763 461 1806 nec
477 1744 638 1806 exanimes
653 1755 779 1826 possunt
794 1742 927 1808 retinere
942 1745 1094 1828 magistri.

247 1845 324 1925 Quis
340 1845 425 1908 furor
440 1847 497 1908 iste
512 1847 633 1909 novus?
655 1841 716 1927 quei
731 1865 822 1924 nunc,
837 1843 899 1930 qud
914 1844 1050 1924 tenditis,
1065 1849 1175 1932 inquit,
1220 1855 1282 1916 670

247 1947 341 2011 Heu!
363 1947 483 2012 misere
499 1949 606 2010 cives?
628 1967 688 2014 non
704 1945 834 2026 hostem,
849 1947 1036 2033 inimicaque
1051 1963 1157 2016 castra

246 2049 407 2136 Argivdm,
421 2063 541 2114 vestras
556 2071 628 2134 spes
643 2049 742 2112 uritis.
786 2049 834 2118 En
850 2071 907 2134 ego
922 2063 1026 2114 vester

246 2157 410 2224 Ascanius.
453 2153 585 2218 Galeam
601 2166 672 2219 ante
687 2151 784 2238 pedes
798 2155 932 2240 projecit
946 2155 1081 2235 inanem,

247 2256 317 2338 Qui
332 2255 405 2320 ludo
420 2255 544 2321 indutus
560 2255 634 2321 belli
651 2256 820 2322 simtdacra
834 2257 951 2322 ciebat.

247 2360 415 2426 Accelerat
430 2359 521 2424 simul
537 2359 661 2440 AEneas,
676 2359 767 2426 simul
782 2361 904 2446 agmina
920 2360 1089 2428 Teucrum.
1222 2373 1281 2430 675

246 2465 303 2527 Ast
318 2463 379 2528 illae
395 2463 521 2528 diversa
535 2477 619 2528 metu
633 2485 690 2549 per
705 2463 809 2530 littora
822 2467 940 2548 passim

246 2563 441 2652 Diffugiunt3
463 2565 631 2649 silvasque,
646 2579 676 2632 et
691 2565 792 2630 sicubi
806 2587 948 2632 concava
964 2567 1068 2632 furtim

248 2671 342 2750 Saxa,
357 2683 483 2756 petunt:
506 2670 591 2758 piget
606 2670 730 2754 incepti,
746 2669 902 2754 lucisque3
925 2693 1058 2756 suosque

245 2773 374 2838 Mutatae
390 2787 577 2860 agrioscm1t;
599 2795 794 2858 excussaque
809 2785 937 2859 pectore
951 2775 1034 2841 Juno
1049 2787 1108 2844 est,

247 2877 309 2942 Sed
324 2901 385 2942 non
401 2877 520 2942 idcirco
536 2877 666 2944 iiammae
682 2891 775 2962 atque
791 2877 939 2944 incendia
953 2880 1037 2942 vires
1219 2886 1280 2944 660

246 2981 416 3046 indomitas
431 2979 581 3066 posuere:
604 2979 666 3046 udo
681 2982 740 3058 sub
754 2981 870 3048 robore
884 2984 962 3046 vivit

247 3085 375 3170 Stuppa,
390 3107 516 3150 vomens
532 3083 654 3148 tardum
670 3083 806 3164 iumum;
829 3085 990 3170 lentusque
1005 3088 1131 3154 carium

245 3187 303 3251 Est
317 3210 425 3274 vapor,
440 3201 471 3251 et
485 3200 549 3252 toto
563 3187 728 3252 descendit
742 3209 875 3273 corpore
890 3191 986 3272 pestis
1000 3214 1010 3268 ;

245 3293 313 3358 Nec
330 3297 412 3356 vires
428 3291 557 3356 heroum
572 3293 735 3376 infusaque
752 3291 875 3358 flumina
890 3303 1030 3376 prosunt.

245 3397 326 3462 Tum
343 3399 411 3482 pius
428 3395 542 3460 AEneas
557 3393 695 3460 bumeris
710 3393 898 3458 abscindere
913 3405 1043 3473 vestem,
1218 3399 1279 3458 605

245 3500 436 3584 Auxilioque
452 3520 566 3564 vocare
580 3498 667 3577 deos,
682 3510 713 3562 ct
728 3497 856 3564 tendere
872 3495 1008 3583 palmas:

244 3603 369 3688 Jupiter
383 3605 589 3686 omnipotens,
603 3603 629 3666 si
644 3597 780 3667 nondum
795 3621 909 3664 exosus
924 3597 965 3662 ad
981 3619 1074 3664 unum

244 3705 409 3790 Trojanos,
424 3707 450 3768 si
466 3703 541 3789 quid
557 3707 657 3789 pictas
673 3703 801 3785 antiqua
816 3700 942 3764 labores

246 3809 388 3893 Respicit
403 3807 571 3886 humanos3
592 3807 634 3872 da
648 3805 803 3870 flammam
818 3800 955 3868 evadere
970 3800 1064 3866 classi
1115 3829 1120 3842 ·

243 3910 346 3990 Nunc,
361 3923 459 3995 pater,
474 3923 505 3974 et
519 3924 628 3974 tenues
642 3907 799 3972 Teucrdm
815 3927 866 3970 res
881 3907 968 3989 eripe
983 3905 1065 3992 leto,
1217 3910 1278 3970 690

244 4013 308 4080 Vel
323 4027 364 4092 tu,
380 4011 464 4098 quod
479 4027 632 4098 superest,
645 4011 757 4076 infesto
771 4007 898 4073 fulmine
913 4011 1015 4088 morti,

247 4117 280 4179 Si
295 4135 428 4194 mereor,
443 4113 582 4194 demitte,
597 4113 710 4198 tritine
725 4112 777 4178 bic
793 4111 891 4178 obrue
906 4109 1029 4178 dextri.
