2914 5130
629 537 748 612 mem
768 538 803 597 v.

229 703 288 768 Vix
303 701 373 766 baec
389 699 540 781 ediderat,
555 721 649 786 quum
665 699 770 765 effusis
785 701 940 766 imbribus
955 715 1025 766 utra

225 805 407 892 Tempestas
422 809 490 870 sine
505 825 592 874 more
606 805 689 886 furit,
705 809 881 892 tonitruque
897 807 1077 872 tremiscunt

223 909 330 974 Ardua
346 923 513 990 tem-arum,
525 921 556 972 et
570 911 691 994 campi3
714 911 775 973 ruit
789 909 907 975 aethere
923 924 988 975 toto
1197 915 1259 975 695

219 1011 383 1077 Turbidus
397 1012 502 1076 imber
516 1012 607 1098 aquei,
622 1010 790 1097 densisque
806 1015 990 1100 nigerrimus
1005 1018 1146 1097 Austris3

225 1115 455 1201 implenturque
471 1137 565 1202 super
579 1137 720 1201 puppes;
742 1117 888 1182 semiusta
903 1115 1087 1183 madescunt

223 1217 372 1301 Robora3
394 1223 559 1284 restinctus
574 1219 675 1284 donec
691 1237 792 1305 vapor·
806 1224 916 1302 omnis,
931 1235 961 1286 et
976 1243 1094 1304 omnes,

223 1321 363 1404 Quatuor
378 1326 511 1402 amissis,
526 1335 658 1386 servate
674 1344 694 1386 a
707 1335 796 1408 peste
811 1327 940 1388 carinae.

262 1428 303 1489 At
318 1439 411 1511 pater
426 1425 551 1510 AEneas,
566 1447 642 1490 casu
656 1445 825 1488 concussus
841 1427 971 1508 acerbo,
1128 1416 1131 1422 ¹
1198 1437 1258 1495 700

220 1525 309 1591 Nunc
326 1527 388 1592 huc
403 1531 543 1615 ingentes
558 1550 639 1594 nunc
654 1526 729 1594 illuc
744 1544 872 1616 pectore
887 1551 982 1596 cures

222 1630 374 1712 Mutebat,
388 1653 528 1714 versane,
544 1633 696 1698 Siculisne
711 1632 863 1698 resideret
878 1635 972 1715 arvis,
1116 1683 1135 1738 q

110 1785 114 1794 .
219 1733 343 1800 Oblitus
358 1734 502 1815 fetorum,
517 1735 651 1801 Italasne
666 1749 847 1822 capesseret
861 1759 944 1802 orest

219 1837 299 1902 Tum
314 1842 421 1903 senior
435 1839 564 1919 Nautes,
578 1861 672 1904 unum
687 1839 831 1904 Tritonia
848 1839 952 1904 Pallas

217 1939 318 2025 Quem
333 1941 450 2022 docuit,
465 1942 623 2028 multisque
638 1946 790 2030 insignem
805 1940 943 2008 reddidit
959 1957 1047 2025 arte;
1196 1953 1256 2012 705

218 2046 283 2111 Hic
299 2065 452 2132 responsa
464 2045 573 2127 debat,
587 2044 638 2110 vel
654 2065 724 2132 quae
739 2044 940 2130 portenderet
955 2049 1004 2111 ira

217 2149 334 2237 Magne
349 2150 452 2232 deum,
466 2151 517 2216 vel
533 2171 602 2237 quae
616 2151 751 2215 fatorum
765 2163 910 2235 posceret
925 2149 1023 2231 ord0;

218 2253 309 2338 isque
326 2251 375 2318 bis
391 2253 511 2318 AEuean
526 2253 642 2318 solatus
656 2254 787 2318 vocibus
803 2251 888 2316 iniit:

215 2355 299 2420 Nate
314 2355 386 2436 dea,
401 2355 464 2442 quo
477 2357 543 2421 lata
557 2356 683 2422 trabunt
696 2356 921 2442 retrahuntque
938 2379 1123 2444 sequamur:

215 2457 380 2546 Quidquid
394 2461 462 2540 erit,
476 2459 654 2546 superanda
668 2464 768 2525 omnis
782 2459 906 2526 fortune
922 2460 1051 2527 serendo
1066 2477 1124 2529 est.
1192 2469 1253 2530 710

216 2563 272 2628 Est
286 2565 346 2644 tibi
360 2563 543 2629 Dardanius
557 2564 670 2630 divine}
685 2569 791 2651 stirpis
806 2569 955 2631 Acestes:

215 2667 312 2732 Hunc
327 2689 408 2753 cape
422 2667 562 2732 consiliis
576 2671 704 2748 socium,
720 2680 751 2732 et
765 2670 917 2756 conjunge
933 2671 1100 2739 volentem.
1154 2716 1157 2726 -

216 2769 302 2834 Huic
318 2769 409 2835 trude
424 2774 546 2836 emissis
561 2785 709 2858 superent
724 2773 776 2856 qui
792 2773 932 2854 navibus,
948 2789 978 2839 et
993 2799 1071 2862 quos

215 2872 382 2938 Pertaesum
395 2860 500 2961 magni
516 2879 634 2962 incepti
649 2897 816 2960 rerumque
830 2889 953 2942 tuarum
968 2895 1014 2944 est
1030 2908 1038 2962 ;

213 2973 452 3064 Longaevosque
467 3001 567 3056 senes,
582 3001 620 3042 ac
635 2979 732 3042 sessus
747 2999 872 3063 aequore
888 2993 1013 3062 matreS,
1189 2995 1252 3052 71⁵

215 3079 254 3144 Et
270 3079 426 3166 quidquid
440 3095 543 3145 tecum
558 3080 730 3145 invalidum
745 3095 946 3168 metuensque
961 3087 1074 3171 pericli
1089 3103 1145 3172 est,

213 3180 344 3269 Delige:
369 3190 399 3246 et
415 3181 463 3246 his
479 3183 618 3258 habeant
633 3186 724 3248 terris
739 3187 806 3248 sine
821 3165 1036 3254 menialfessi.

215 3281 337 3350 Urbem
352 3263 557 3371 appellubtint
575 3285 725 3372 permisso
739 3289 862 3350 nomine
877 3291 1036 3356 Acestam.

255 3389 390 3454 Talibus
405 3392 549 3454 incensus
564 3388 656 3454 dictis
671 3393 802 3454 senioris
817 3393 928 3455 amici:

212 3487 295 3554 Tum
309 3489 388 3555 verb
402 3491 433 3555 in
448 3512 542 3556 curas
556 3495 692 3555 animum
706 3489 867 3555 diducitur
880 3512 998 3556 omnes.
1187 3503 1248 3564 770

212 3594 252 3658 Et
267 3615 330 3660 nox
346 3607 415 3660 atra
428 3593 535 3680 polum
550 3595 631 3682 bigis
646 3595 796 3659 subvecta
811 3595 956 3659 tenebat:

211 3695 292 3762 Visa
306 3697 422 3763 dehinc
437 3697 519 3762 coelo
533 3699 631 3762 iacies
645 3696 776 3784 delapsa
790 3698 928 3782 parentis

210 3799 359 3864 Aucbisae
374 3797 476 3864 subitd
491 3798 569 3864 tales
584 3797 743 3865 effundere
758 3819 870 3862 voces:

210 3899 302 3981 Nate,
317 3900 395 3966 mibi
410 3901 472 3966 vito
486 3901 653 3988 quondam,
667 3899 741 3966 dum
756 3903 822 3965 vita
836 3900 994 3983 manebat,
1093 3979 1094 3984 γ

207 3999 293 4065 Care
308 4002 418 4088 magis,
432 4016 513 4084 nate,
529 4002 633 4068 iliacis
648 4004 787 4068 exercite
802 4002 884 4082 latis,
1054 4087 1055 4097 ἵ

207 4103 344 4190 imperio
357 4105 445 4168 Jovis
461 4107 521 4171 huc
535 4108 637 4188 venio,
651 4109 705 4194 qui
720 4104 872 4170 classibus
886 4107 989 4192 ignem

206 4205 347 4294 Depuiit,
362 4221 394 4272 et
407 4207 488 4273 coelo
502 4209 628 4276 tandem
642 4213 807 4277 miseratus
821 4209 864 4274 ab
878 4207 943 4273 alto
958 4223 1014 4275 est.
