2992 5102
162 490 199 546 56

556 477 846 552 ouonctcoltuu

248 633 345 722 Nigra
361 635 437 715 lere,
453 649 485 700 et
500 659 606 722 presso
623 639 743 724 pinguis
755 640 811 704 sub
826 661 951 704 vomere
966 655 1058 722 terra,

206 740 249 806 Et
263 743 313 806 cui
329 755 417 827 putre
433 742 530 805 solum
545 739 692 828 (namque
709 744 768 808 hoc
784 745 935 809 imitamur
951 745 1092 835 arando),

206 845 332 932 Optime
347 846 528 926 frumentis3
550 868 609 911 non
626 848 687 911 ullo
704 869 744 912 ex
761 867 881 933 aequore
897 871 1006 915 cernes

206 951 300 1017 Plura
316 953 442 1018 domum
458 953 551 1016 tardis
565 954 722 1017 decedere
738 955 872 1038 plaustra
882 953 1046 1040 juvencis:

205 1056 269 1123 Aut
284 1059 366 1124 unde
379 1060 472 1122 iratus
488 1058 594 1122 silvsm
611 1060 736 1123 devexit
751 1075 860 1136 arator,

206 1162 250 1228 Et
264 1185 389 1229 nemore
404 1165 512 1229 evertit
528 1165 637 1230 multos
653 1167 759 1250 ignava
775 1187 832 1252 per
847 1188 952 1245 sonos,
970 1189 980 1216 s

205 1267 416 1354 Antiquusque
433 1269 542 1334 domos
557 1271 657 1334 avium
673 1291 743 1334 cum
760 1271 903 1354 stirpibus
918 1272 986 1334 imis

205 1373 315 1440 Emit:
338 1375 394 1437 ille
408 1376 502 1439 altum
518 1376 596 1439 nidis
612 1375 729 1460 petidre
745 1377 857 1441 relictis
870 1399 880 1456 3

80 1561 83 1568 1
205 1481 248 1545 Ar
262 1482 345 1545 rudis
361 1480 467 1544 enituit
482 1481 612 1564 impulso
626 1501 751 1544 vomere
767 1503 905 1566 campus.

205 1583 288 1650 Nam
299 1583 405 1671 jejuna
422 1584 545 1669 quidem
561 1583 665 1648 clivosi
682 1585 784 1669 glarea
799 1585 876 1649 ruris

203 1687 267 1754 vix
282 1687 412 1752 humiles
428 1689 535 1772 apibus
551 1689 648 1751 casias
664 1710 826 1774 roremque
842 1689 1013 1770 ministram

206 1794 250 1860 Et
264 1795 375 1879 tophus
391 1793 510 1870 scaber,
527 1808 558 1855 et
573 1793 665 1875 nigris
680 1815 777 1858 exesa
793 1795 948 1878 chelydris

207 1897 314 1976 Crete,
329 1911 441 1982 negant
456 1897 530 1960 elios
543 1895 627 1981 aequt
644 1899 834 1981 serpentibus
847 1921 936 1983 egros

204 2001 339 2068 Dulccm
355 2001 435 2066 serre
451 2003 565 2080 cibum,
581 2017 612 2065 et
627 2021 735 2065 curras
749 2003 885 2088 prebere
901 2003 1043 2068 latebras.

250 2109 329 2186 Quae
340 2123 464 2174 tenuem
480 2108 604 2173 exhalat
617 2107 759 2171 nebulam
776 2105 936 2192 fumosque
952 2110 1103 2188 volucres,

207 2211 250 2279 Et
261 2215 335 2280 bibit
351 2215 521 2292 humorem,
538 2228 569 2276 et
585 2234 678 2298 quum
693 2213 757 2276 vult
772 2235 813 2277 ex
829 2235 862 2278 se
880 2214 944 2306 ipss
961 2216 1104 2296 remittit;

206 2320 347 2404 Quequo
363 2342 418 2385 suo
432 2321 518 2384 viridi
536 2339 658 2404 semper
674 2341 707 2383 se
720 2322 856 2404 gramine
872 2323 971 2400 vestit,

206 2425 277 2492 Nec
293 2424 395 2490 scabie
411 2439 442 2489 et
458 2422 536 2488 salsis
551 2425 631 2487 ledit
647 2423 782 2509 rubigine
798 2424 936 2504 serrum3

206 2531 262 2596 llla
277 2531 329 2594 tibi
345 2530 418 2594 letis
433 2531 549 2593 intexet
564 2529 673 2594 vitibus
688 2530 810 2610 ulmos3

206 2636 262 2702 llla
278 2635 365 2700 ferax
379 2635 449 2699 oleo
466 2648 512 2698 est
525 2658 534 2714 3
557 2634 639 2698 illam
653 2635 815 2719 experibre
830 2636 961 2699 colendo

208 2741 251 2808 Et
266 2741 387 2808 facilem
404 2743 520 2827 pecori,
536 2755 568 2806 et
583 2741 748 2827 patientem
763 2743 896 2806 vomeris
911 2743 981 2807 unci
995 2763 1005 2802 t

207 2847 319 2914 Talem
332 2849 417 2914 dives
432 2865 497 2914 arat
512 2845 632 2934 Capua,
649 2864 680 2914 et
695 2849 793 2915 vicina
805 2849 928 2914 Vesevo
951 2911 957 2924 ,

208 2957 272 3021 Ora
283 2955 370 3041 jugo,
387 2969 418 3019 et
433 2955 537 3019 vacuis
553 2953 680 3018 Clanius
696 2976 754 3019 non
772 2975 874 3040 equus
888 2955 1025 3020 Acerris.
1168 2959 1232 3023 225

252 3062 284 3128 N
286 3083 355 3140 unc,
372 3081 432 3144 quo
448 3081 600 3145 quamque
616 3062 708 3124 modo
719 3063 816 3145 possis
832 3083 1031 3147 cognoscere,
1048 3061 1160 3126 dicam.

207 3169 294 3236 Rara
309 3169 356 3244 sit,
374 3189 410 3231 au
427 3188 647 3251 supremorum
664 3168 688 3232 si
707 3168 813 3245 densa,
829 3169 966 3252 requiras
976 3191 987 3248 ;

208 3277 315 3342 Altero
329 3271 485 3336 frumentis
501 3271 642 3355 quoniam
658 3270 750 3348 lavet,
767 3273 860 3336 altera
877 3269 1029 3353 Baccho;

208 3379 315 3445 Densa
326 3373 423 3462 magis
439 3375 559 3454 Cereri,
571 3376 722 3440 rarissima
739 3397 865 3462 queque
882 3377 1001 3461 Lyeo3

207 3484 289 3551 Ant'e
305 3483 406 3548 locum
422 3482 526 3567 capies
541 3480 648 3560 oculis,
665 3480 785 3565 alteque
797 3482 920 3569 jubebis
1168 3485 1233 3546 230

207 3591 243 3656 Iu
259 3591 356 3656 solido
371 3603 497 3674 puteum
513 3587 643 3663 demitti,
658 3608 843 3672 omnemque
859 3607 990 3672 repones

208 3697 328 3762 Rursus
343 3697 480 3772 humum,
497 3709 528 3758 et
543 3693 673 3779 pedibus
688 3715 822 3758 summas
836 3694 967 3779 equabis
982 3713 1100 3757 scenas.

210 3803 244 3868 Si
261 3801 399 3879 deerunt,
410 3821 522 3879 rarum,
539 3798 705 3884 pecorique
715 3812 746 3862 et
761 3797 869 3862 vitibus
885 3798 972 3861 almis

208 3907 329 3992 Aptius,
345 3907 420 3971 uber
436 3908 512 3970 erit:
537 3905 582 3970 sin
598 3907 628 3968 in
644 3926 699 3969 sua
713 3925 804 3990 posse
820 3902 973 3988 negabunt

208 4013 258 4078 Ire
274 4011 353 4086 loca,
370 4023 400 4072 et
412 4013 568 4076 scrobibus
584 4009 737 4094 superabit
752 4022 833 4072 terra
848 4005 982 4092 repletis,
1170 4007 1234 4069 285

210 4117 333 4204 Spissus
349 4134 444 4199 ager:
466 4115 571 4199 glebas
586 4127 765 4180 cunctantes
779 4133 944 4196 crassaque
960 4127 1046 4199 terga

208 4221 378 4304 Exspecta,
395 4233 426 4282 et
440 4220 547 4284 validis
562 4233 675 4284 terram
691 4219 852 4306 proscinde
864 4218 1017 4304 juvencis.
