2956 5132
205 439 259 496 tut
635 426 821 491 AENEIDOS

247 587 414 671 Postquam
428 593 541 650 cuncta
555 579 640 646 videt
653 581 733 646 ccelo
747 592 890 646 constare
903 599 1022 662 sereno,

245 688 309 754 Dat
323 689 441 752 clarum
457 687 585 772 epuppi
600 686 736 771 signum3
758 705 813 748 nos
827 698 930 748 castra
944 705 1116 767 movemus,

246 791 477 875 Tentamusque
491 792 593 870 viam3
614 802 645 854 et
658 787 797 853 velorum
811 787 973 873 pandimus
987 789 1063 854 alas.
1214 797 1280 855 52⁰

289 893 423 979 Jamque
437 891 626 956 rubescebat
640 889 735 955 stellis
750 895 870 954 Aurora
885 892 1008 977 sugatis,

247 997 351 1079 Quum
364 995 473 1081 procul
486 995 635 1060 obscuros
648 993 744 1058 colles
759 993 965 1078 humilemque
980 995 1119 1061 videmus

248 1098 379 1162 ltaliam.
423 1095 542 1161 ltaliam
555 1095 672 1182 primus
685 1093 860 1159 conclamat
874 1095 1034 1176 Achates3
1094 1115 1097 1122 ’

248 1203 370 1267 ltaliam
384 1201 456 1266 laeto
470 1201 547 1265 socii
561 1201 696 1264 clamore
710 1199 852 1263 salutant.

247 1307 328 1370 Tum
342 1318 432 1392 pater
446 1303 598 1369 Anchises
613 1323 754 1389 magnum
768 1315 891 1367 cratera
905 1304 1021 1368 corona
1213 1313 1279 1370 ⁵25

248 1410 360 1490 induit,
374 1409 572 1495 implevitque
587 1429 682 1486 mero,
697 1405 846 1491 divosque
861 1411 986 1470 vocavit

249 1515 339 1578 Stans
354 1511 438 1578 celsis
452 1516 484 1577 in
497 1511 613 1597 puppi:

247 1615 302 1697 Di,
317 1616 410 1680 maris
424 1627 455 1678 et
469 1607 559 1677 terr'ae
575 1625 851 1700 tempestatumque
866 1626 1015 1699 potentes,

248 1717 342 1782 Ferte
356 1720 439 1782 viam
454 1727 545 1780 vento
560 1715 693 1795 facilem,
708 1727 738 1778 et
753 1717 867 1801 spirate
882 1715 1020 1780 secundi.

248 1820 461 1885 Crebrescunt
474 1831 586 1905 optatae
602 1839 695 1899 aurae,
709 1831 877 1904 portusque
891 1821 1025 1902 patescit
1213 1825 1278 1883 530

246 1923 319 1987 Jam
333 1921 469 2008 propior,
484 1921 693 2006 templumque
707 1933 836 2006 apparet
851 1921 881 1983 in
896 1941 969 1986 arce
987 1907 1146 1987 minerve.

247 2024 331 2092 Vela
346 2025 451 2110 legunt
463 2025 549 2104 socii,
564 2037 594 2088 et
608 2045 717 2110 proras
731 2023 773 2087 ad
788 2023 891 2087 littora
906 2035 1057 2110 torquent.

248 2128 358 2194 Portus
372 2127 414 2192 ah
429 2127 533 2192 Euroo
548 2127 640 2191 fluctu
655 2139 798 2190 curvatus
813 2127 843 2190 in
859 2147 982 2208 arcum3

248 2229 390 2316 Objectae
405 2228 488 2293 salsa
502 2242 645 2316 spumant
658 2229 820 2316 aspergine
835 2241 959 2293 cautes:

248 2331 319 2418 lpse
333 2331 426 2398 latet:
449 2333 570 2418 gemino
585 2331 746 2395 demittunt
761 2330 892 2395 brachia
908 2352 995 2396 muro
1213 2339 1276 2397 535

248 2435 367 2499 'lluriti
381 2435 509 2519 scopuli,
524 2437 697 2520 refugitque
713 2433 755 2498 ab
769 2433 871 2498 littore
885 2436 1043 2520 templum.

290 2537 430 2618 Quattuor
445 2535 507 2616 hic,
521 2539 655 2621 primum
669 2557 769 2616 omen,
784 2557 879 2620 equos
894 2539 925 2599 in
940 2537 1077 2622 grauune
1091 2537 1156 2601 vidi

249 2635 428 2703 Tondentes
442 2657 586 2724 campum
600 2636 671 2717 late,
685 2636 821 2702 candore
836 2639 942 2702 nivali.

248 2740 290 2807 Et
303 2753 393 2827 pater
406 2739 581 2804 Anchises:
603 2739 733 2820 Bellum,
748 2761 768 2803 o
782 2751 865 2805 terra
880 2739 1012 2828 hospita,
1025 2755 1128 2828 portas
1140 2765 1148 2804 :

250 2841 340 2907 Bello
353 2853 511 2906 armantur
525 2841 616 2926 equi3
636 2840 752 2906 bellum
768 2841 835 2906 haec
851 2855 991 2910 armenta
1006 2848 1172 2909 minantur.
1215 2849 1278 2908 540

252 2944 314 3009 Sed
328 2959 431 3009 tamen
445 2943 530 3008 idem
544 2941 618 3008 olim
632 2965 725 3008 curru
739 2944 908 3010 succedere
923 2947 1001 3011 sueti

250 3045 487 3132 Quadrupedes,
503 3057 533 3109 et
548 3045 646 3110 sraena
656 3047 732 3133 jugo
745 3047 914 3114 concordia
928 3050 1030 3114 ferre:

251 3149 331 3235 Spes
343 3162 374 3213 et
388 3148 483 3234 pacis,
500 3148 553 3214 ait.
597 3147 678 3212 Tum
693 3149 816 3212 numina
831 3164 938 3217 sancta
952 3173 1118 3236 precamur

251 3250 386 3317 Palladis
400 3251 572 3330 armisona,
588 3271 656 3336 quae
671 3250 771 3337 prima
784 3253 905 3337 accepit
918 3267 1067 3334 ovantes3

251 3353 294 3420 Et
307 3354 410 3440 capita
424 3367 494 3418 ante
509 3373 581 3418 aras
596 3353 733 3440 Phrygio
747 3353 888 3420 velamur
902 3356 1033 3420 amictu:
1214 3365 1278 3420 545

252 3458 481 3543 Praeceptisque
497 3457 621 3537 Heleni,
635 3456 766 3521 dederat
780 3479 849 3542 quae
865 3459 1009 3540 maxima,
1023 3460 1081 3524 ritd
1320 3458 1324 3468 ’

248 3561 363 3625 Junoni
378 3561 503 3645 Argivas
514 3560 616 3645 jussos
630 3557 788 3622 adolemus
802 3560 946 3626 honores.

294 3659 392 3726 Haud
406 3681 505 3740 mora,
518 3655 672 3734 continuo,
685 3659 831 3741 perlectis
846 3661 954 3726 ordine
969 3663 1056 3741 votis,

252 3765 379 3829 Cornua
393 3762 563 3830 velatarum
577 3761 765 3826 obvertimus
786 3775 1004 3841 antennarum

251 3867 523 3952 Grajugentimque
538 3865 657 3945 domos,
671 3875 874 3948 suspectaque
889 3863 1053 3948 linquimus
1064 3887 1152 3934 arva.
1216 3862 1286 3932 550

253 3969 338 4032 Hinc
353 3968 435 4032 sinus
450 3967 611 4049 Herculei,
625 3968 651 4032 si
665 3987 740 4031 vera
755 3979 800 4030 est
815 3967 906 4046 santa,
921 3965 1050 4033 Tarenti

254 4070 410 4136 Cernitur.
455 4071 575 4134 Attollit
588 4093 622 4135 se
637 4070 709 4136 diva
724 4069 854 4136 Lacinia
868 4069 987 4153 contra,
