<?xml version="1.0" encoding="UTF-8"?>
<!DOCTYPE html PUBLIC "-//W3C//DTD XHTML 1.0 Transitional//EN"
    "http://www.w3.org/TR/xhtml1/DTD/xhtml1-transitional.dtd">
<html xmlns="http://www.w3.org/1999/xhtml" xml:lang="en" lang="en">
 <head>
  <title>
</title>
<meta http-equiv="Content-Type" content="text/html;charset=utf-8" />
  <meta name='ocr-system' content='tesseract 3.04.00' />
  <meta name='ocr-capabilities' content='ocr_page ocr_carea ocr_par ocr_line ocrx_word'/>
</head>
<body>
  <div class='ocr_page' id='page_1' title='image "./bucolicageorgic01goulgoog_0107.png"; bbox 0 0 2956 5132; ppageno 0'>
   <div class='ocr_carea' id='block_1_1' title="bbox 669 508 857 576">
    <p class='ocr_par' dir='ltr' id='par_1_1' title="bbox 669 508 857 576">
     <span class='ocr_line' id='line_1_1' title="bbox 669 508 857 576; baseline -0.005 0"><span class='ocrx_word' id='word_1_1' title='bbox 669 511 787 576; x_wconf 77' lang='lat' dir='ltr'>atat-:tt</span> <span class='ocrx_word' id='word_1_2' title='bbox 807 508 857 575; x_wconf 80' lang='lat' dir='ltr'>tt.</span> 
     </span>
    </p>
   </div>
   <div class='ocr_carea' id='block_1_2' title="bbox 267 665 1301 3822">
    <p class='ocr_par' dir='ltr' id='par_1_2' title="bbox 272 665 1135 753">
     <span class='ocr_line' id='line_1_2' title="bbox 272 665 1135 753; baseline -0.003 -16"><span class='ocrx_word' id='word_1_3' title='bbox 272 669 370 738; x_wconf 81' lang='lat' dir='ltr'>Nocte</span> <span class='ocrx_word' id='word_1_4' title='bbox 382 671 521 749; x_wconf 87' lang='lat' dir='ltr'>domum,</span> <span class='ocrx_word' id='word_1_5' title='bbox 537 667 671 753; x_wconf 83' lang='lat' dir='ltr'>dapibus</span> <span class='ocrx_word' id='word_1_6' title='bbox 685 687 806 734; x_wconf 84' lang='lat' dir='ltr'>mensas</span> <span class='ocrx_word' id='word_1_7' title='bbox 820 665 968 734; x_wconf 84' lang='lat' dir='ltr'>onerabat</span> <span class='ocrx_word' id='word_1_8' title='bbox 981 667 1135 753; x_wconf 84' lang='lat' dir='ltr'>inemptis.</span> 
     </span>
    </p>

    <p class='ocr_par' dir='ltr' id='par_1_3' title="bbox 273 775 1153 860">
     <span class='ocr_line' id='line_1_3' title="bbox 273 775 1153 860; baseline -0.002 -18"><span class='ocrx_word' id='word_1_9' title='bbox 273 775 393 842; x_wconf 84' lang='lat' dir='ltr'><strong>Primus</strong></span> <span class='ocrx_word' id='word_1_10' title='bbox 407 797 480 844; x_wconf 86' lang='lat' dir='ltr'>rere</span> <span class='ocrx_word' id='word_1_11' title='bbox 495 797 610 852; x_wconf 74' lang='lat' dir='ltr'>mm,</span> <span class='ocrx_word' id='word_1_12' title='bbox 627 789 719 860; x_wconf 88' lang='lat' dir='ltr'>atque</span> <span class='ocrx_word' id='word_1_13' title='bbox 734 789 880 840; x_wconf 84' lang='lat' dir='ltr'>autumno</span> <span class='ocrx_word' id='word_1_14' title='bbox 894 793 1023 860; x_wconf 85' lang='lat' dir='ltr'>carpere</span> <span class='ocrx_word' id='word_1_15' title='bbox 1037 795 1153 860; x_wconf 75' lang='lat' dir='ltr'>pome3</span> 
     </span>
    </p>

    <p class='ocr_par' dir='ltr' id='par_1_4' title="bbox 273 878 1048 967">
     <span class='ocr_line' id='line_1_4' title="bbox 273 878 1048 967; baseline -0.001 -20"><span class='ocrx_word' id='word_1_16' title='bbox 273 881 317 948; x_wconf 76' lang='lat' dir='ltr'>Et</span> <span class='ocrx_word' id='word_1_17' title='bbox 330 904 421 967; x_wconf 91' lang='lat' dir='ltr'>quum</span> <span class='ocrx_word' id='word_1_18' title='bbox 436 884 530 946; x_wconf 86' lang='lat' dir='ltr'>tristis</span> <span class='ocrx_word' id='word_1_19' title='bbox 545 880 825 948; x_wconf 82' lang='lat' dir='ltr'>hiemretiamnum</span> <span class='ocrx_word' id='word_1_20' title='bbox 842 878 954 965; x_wconf 78' lang='lat' dir='ltr'>frigore</span> <span class='ocrx_word' id='word_1_21' title='bbox 971 895 1048 946; x_wconf 80' lang='lat' dir='ltr'>saxa</span> 
     </span>
    </p>

    <p class='ocr_par' dir='ltr' id='par_1_5' title="bbox 273 983 1068 1074">
     <span class='ocr_line' id='line_1_5' title="bbox 273 983 1068 1074; baseline 0 -24"><span class='ocrx_word' id='word_1_22' title='bbox 273 984 455 1074; x_wconf 84' lang='lat' dir='ltr'>Rumperet,</span> <span class='ocrx_word' id='word_1_23' title='bbox 471 1002 503 1052; x_wconf 89' lang='lat' dir='ltr'>et</span> <span class='ocrx_word' id='word_1_24' title='bbox 514 987 613 1071; x_wconf 85' lang='lat' dir='ltr'>glacie</span> <span class='ocrx_word' id='word_1_25' title='bbox 628 1003 737 1050; x_wconf 87' lang='lat' dir='ltr'>cursus</span> <span class='ocrx_word' id='word_1_26' title='bbox 753 983 893 1050; x_wconf 75' lang='lat' dir='ltr'>frenaret</span> <span class='ocrx_word' id='word_1_27' title='bbox 907 1007 1068 1070; x_wconf 85' lang='lat' dir='ltr'>aquarum,</span> 
     </span>
    </p>

    <p class='ocr_par' dir='ltr' id='par_1_6' title="bbox 270 1091 995 1180">
     <span class='ocr_line' id='line_1_6' title="bbox 270 1091 995 1180; baseline -0.003 -22"><span class='ocrx_word' id='word_1_28' title='bbox 270 1091 325 1158; x_wconf 88' lang='lat' dir='ltr'>llle</span> <span class='ocrx_word' id='word_1_29' title='bbox 337 1116 460 1159; x_wconf 87' lang='lat' dir='ltr'>comam</span> <span class='ocrx_word' id='word_1_30' title='bbox 476 1094 574 1159; x_wconf 84' lang='lat' dir='ltr'>mollis</span> <span class='ocrx_word' id='word_1_31' title='bbox 584 1091 651 1180; x_wconf 85' lang='lat' dir='ltr'>jam</span> <span class='ocrx_word' id='word_1_32' title='bbox 666 1093 813 1158; x_wconf 87' lang='lat' dir='ltr'>tondebat</span> <span class='ocrx_word' id='word_1_33' title='bbox 828 1091 995 1174; x_wconf 78' lang='lat' dir='ltr'><strong>hyacinthi,</strong></span> 
     </span>
    </p>

    <p class='ocr_par' dir='ltr' id='par_1_7' title="bbox 270 1195 1161 1282">
     <span class='ocr_line' id='line_1_7' title="bbox 270 1195 1161 1282; baseline -0.001 -20"><span class='ocrx_word' id='word_1_34' title='bbox 270 1197 423 1262; x_wconf 84' lang='lat' dir='ltr'>AEstatem</span> <span class='ocrx_word' id='word_1_35' title='bbox 438 1198 623 1282; x_wconf 68' lang='lat' dir='ltr'>increpitans</span> <span class='ocrx_word' id='word_1_36' title='bbox 638 1213 750 1274; x_wconf 84' lang='lat' dir='ltr'>setam,</span> <span class='ocrx_word' id='word_1_37' title='bbox 768 1195 981 1280; x_wconf 72' lang='lat' dir='ltr'><strong>zephyrosque</strong></span> <span class='ocrx_word' id='word_1_38' title='bbox 997 1209 1161 1264; x_wconf 86' lang='lat' dir='ltr'>morantes.</span> 
     </span>
    </p>

    <p class='ocr_par' dir='ltr' id='par_1_8' title="bbox 271 1301 1056 1389">
     <span class='ocr_line' id='line_1_8' title="bbox 271 1301 1056 1389; baseline 0 -23"><span class='ocrx_word' id='word_1_39' title='bbox 271 1301 357 1388; x_wconf 84' lang='lat' dir='ltr'>Ergo</span> <span class='ocrx_word' id='word_1_40' title='bbox 374 1302 484 1389; x_wconf 88' lang='lat' dir='ltr'>apibus</span> <span class='ocrx_word' id='word_1_41' title='bbox 500 1302 578 1366; x_wconf 83' lang='lat' dir='ltr'>stetis</span> <span class='ocrx_word' id='word_1_42' title='bbox 591 1302 676 1368; x_wconf 88' lang='lat' dir='ltr'>idem</span> <span class='ocrx_word' id='word_1_43' title='bbox 692 1315 784 1386; x_wconf 87' lang='lat' dir='ltr'>atque</span> <span class='ocrx_word' id='word_1_44' title='bbox 799 1302 944 1367; x_wconf 84' lang='lat' dir='ltr'>examine</span> <span class='ocrx_word' id='word_1_45' title='bbox 961 1301 1056 1366; x_wconf 88' lang='lat' dir='ltr'>multo</span> 
     </span>
    </p>

    <p class='ocr_par' dir='ltr' id='par_1_9' title="bbox 270 1407 1072 1492">
     <span class='ocr_line' id='line_1_9' title="bbox 270 1407 1072 1492; baseline 0.002 -18"><span class='ocrx_word' id='word_1_46' title='bbox 270 1407 397 1474; x_wconf 82' lang='lat' dir='ltr'>Primus</span> <span class='ocrx_word' id='word_1_47' title='bbox 413 1408 579 1486; x_wconf 80' lang='lat' dir='ltr'>abundate,</span> <span class='ocrx_word' id='word_1_48' title='bbox 595 1423 628 1472; x_wconf 89' lang='lat' dir='ltr'>et</span> <span class='ocrx_word' id='word_1_49' title='bbox 643 1407 814 1492; x_wconf 87' lang='lat' dir='ltr'>spumantia</span> <span class='ocrx_word' id='word_1_50' title='bbox 828 1428 942 1492; x_wconf 86' lang='lat' dir='ltr'>engere</span> <span class='ocrx_word' id='word_1_51' title='bbox 958 1408 1072 1492; x_wconf 80' lang='lat' dir='ltr'>pressis</span> 
     </span>
    </p>

    <p class='ocr_par' dir='ltr' id='par_1_10' title="bbox 272 1509 1043 1598">
     <span class='ocr_line' id='line_1_10' title="bbox 272 1509 1043 1598; baseline 0.003 -24"><span class='ocrx_word' id='word_1_52' title='bbox 272 1509 367 1576; x_wconf 82' lang='lat' dir='ltr'>Mella</span> <span class='ocrx_word' id='word_1_53' title='bbox 384 1512 482 1578; x_wconf 87' lang='lat' dir='ltr'>savis:</span> <span class='ocrx_word' id='word_1_54' title='bbox 504 1512 545 1576; x_wconf 90' lang='lat' dir='ltr'>illi</span> <span class='ocrx_word' id='word_1_55' title='bbox 562 1511 643 1589; x_wconf 81' lang='lat' dir='ltr'>tiliae,</span> <span class='ocrx_word' id='word_1_56' title='bbox 659 1526 750 1596; x_wconf 84' lang='lat' dir='ltr'>atqua</span> <span class='ocrx_word' id='word_1_57' title='bbox 767 1512 919 1578; x_wconf 86' lang='lat' dir='ltr'>uberrima</span> <span class='ocrx_word' id='word_1_58' title='bbox 934 1511 1043 1598; x_wconf 81' lang='lat' dir='ltr'>pinus:</span> 
     </span>
    </p>

    <p class='ocr_par' dir='ltr' id='par_1_11' title="bbox 274 1617 1050 1704">
     <span class='ocr_line' id='line_1_11' title="bbox 274 1617 1050 1704; baseline -0.001 -21"><span class='ocrx_word' id='word_1_59' title='bbox 274 1617 421 1704; x_wconf 85' lang='lat' dir='ltr'>Quotqne</span> <span class='ocrx_word' id='word_1_60' title='bbox 436 1621 467 1684; x_wconf 92' lang='lat' dir='ltr'>in</span> <span class='ocrx_word' id='word_1_61' title='bbox 482 1619 559 1684; x_wconf 87' lang='lat' dir='ltr'>flore</span> <span class='ocrx_word' id='word_1_62' title='bbox 574 1637 655 1684; x_wconf 80' lang='lat' dir='ltr'>nove</span> <span class='ocrx_word' id='word_1_63' title='bbox 670 1621 770 1704; x_wconf 86' lang='lat' dir='ltr'>pomis</span> <span class='ocrx_word' id='word_1_64' title='bbox 785 1640 819 1684; x_wconf 89' lang='lat' dir='ltr'>se</span> <span class='ocrx_word' id='word_1_65' title='bbox 836 1618 943 1682; x_wconf 77' lang='lat' dir='ltr'>fertilis</span> <span class='ocrx_word' id='word_1_66' title='bbox 959 1618 1050 1684; x_wconf 87' lang='lat' dir='ltr'>arbos</span> 
     </span>
    </p>

    <p class='ocr_par' dir='ltr' id='par_1_12' title="bbox 273 1723 1018 1803">
     <span class='ocr_line' id='line_1_12' title="bbox 273 1723 1018 1803; baseline 0 -15"><span class='ocrx_word' id='word_1_67' title='bbox 273 1723 429 1803; x_wconf 82' lang='lat' dir='ltr'><strong>Induerat,</strong></span> <span class='ocrx_word' id='word_1_68' title='bbox 443 1725 570 1790; x_wconf 85' lang='lat' dir='ltr'>totidem</span> <span class='ocrx_word' id='word_1_69' title='bbox 588 1738 734 1790; x_wconf 88' lang='lat' dir='ltr'>autumno</span> <span class='ocrx_word' id='word_1_70' title='bbox 748 1740 867 1790; x_wconf 87' lang='lat' dir='ltr'>matura</span> <span class='ocrx_word' id='word_1_71' title='bbox 883 1723 1018 1788; x_wconf 87' lang='lat' dir='ltr'>tenebat.</span> 
     </span>
    </p>

    <p class='ocr_par' dir='ltr' id='par_1_13' title="bbox 272 1829 973 1909">
     <span class='ocr_line' id='line_1_13' title="bbox 272 1829 973 1909; baseline 0.003 -17"><span class='ocrx_word' id='word_1_72' title='bbox 272 1829 331 1893; x_wconf 89' lang='lat' dir='ltr'>llle</span> <span class='ocrx_word' id='word_1_73' title='bbox 347 1831 438 1894; x_wconf 78' lang='lat' dir='ltr'>edam</span> <span class='ocrx_word' id='word_1_74' title='bbox 452 1852 534 1895; x_wconf 87' lang='lat' dir='ltr'>seras</span> <span class='ocrx_word' id='word_1_75' title='bbox 547 1831 581 1897; x_wconf 92' lang='lat' dir='ltr'>in</span> <span class='ocrx_word' id='word_1_76' title='bbox 597 1851 719 1896; x_wconf 82' lang='lat' dir='ltr'>versum</span> <span class='ocrx_word' id='word_1_77' title='bbox 735 1831 849 1894; x_wconf 84' lang='lat' dir='ltr'>distulit</span> <span class='ocrx_word' id='word_1_78' title='bbox 864 1832 973 1909; x_wconf 87' lang='lat' dir='ltr'>ulmos,</span> 
     </span>
    </p>

    <p class='ocr_par' dir='ltr' id='par_1_14' title="bbox 272 1925 1113 2022">
     <span class='ocr_line' id='line_1_14' title="bbox 272 1925 1113 2022; baseline -0.001 -22"><span class='ocrx_word' id='word_1_79' title='bbox 272 1934 472 2022; x_wconf 80' lang='lat' dir='ltr'>Eduramque</span> <span class='ocrx_word' id='word_1_80' title='bbox 488 1938 599 2022; x_wconf 88' lang='lat' dir='ltr'>pirum,</span> <span class='ocrx_word' id='word_1_81' title='bbox 615 1951 647 2000; x_wconf 89' lang='lat' dir='ltr'>et</span> <span class='ocrx_word' id='word_1_82' title='bbox 662 1938 765 2022; x_wconf 89' lang='lat' dir='ltr'>spinos</span> <span class='ocrx_word' id='word_1_83' title='bbox 775 1936 840 2022; x_wconf 90' lang='lat' dir='ltr'>jam</span> <span class='ocrx_word' id='word_1_84' title='bbox 857 1925 954 2021; x_wconf 86' lang='lat' dir='ltr'>pruna</span> <span class='ocrx_word' id='word_1_85' title='bbox 970 1935 1113 2014; x_wconf 88' lang='lat' dir='ltr'>serentes,</span> 
     </span>
    </p>

    <p class='ocr_par' dir='ltr' id='par_1_15' title="bbox 269 2041 1152 2129">
     <span class='ocr_line' id='line_1_15' title="bbox 269 2041 1152 2129; baseline -0.003 -23"><span class='ocrx_word' id='word_1_86' title='bbox 269 2042 404 2129; x_wconf 78' lang='lat' dir='ltr'>Jamque</span> <span class='ocrx_word' id='word_1_87' title='bbox 419 2045 639 2108; x_wconf 68' lang='lat' dir='ltr'>ministrantem</span> <span class='ocrx_word' id='word_1_88' title='bbox 657 2043 811 2128; x_wconf 84' lang='lat' dir='ltr'>platanum</span> <span class='ocrx_word' id='word_1_89' title='bbox 828 2041 1152 2126; x_wconf 80' lang='lat' dir='ltr'>potentibusntnbrae.</span> 
     </span>
    </p>

    <p class='ocr_par' dir='ltr' id='par_1_16' title="bbox 271 2145 1139 2234">
     <span class='ocr_line' id='line_1_16' title="bbox 271 2145 1139 2234; baseline -0.001 -23"><span class='ocrx_word' id='word_1_90' title='bbox 271 2145 391 2214; x_wconf 78' lang='lat' dir='ltr'>Verium</span> <span class='ocrx_word' id='word_1_91' title='bbox 405 2149 474 2214; x_wconf 71' lang='lat' dir='ltr'>hnc</span> <span class='ocrx_word' id='word_1_92' title='bbox 488 2150 554 2234; x_wconf 86' lang='lat' dir='ltr'>ipss</span> <span class='ocrx_word' id='word_1_93' title='bbox 569 2149 726 2234; x_wconf 78' lang='lat' dir='ltr'>equidem,</span> <span class='ocrx_word' id='word_1_94' title='bbox 739 2148 843 2232; x_wconf 83' lang='lat' dir='ltr'>spatiis</span> <span class='ocrx_word' id='word_1_95' title='bbox 859 2146 1004 2212; x_wconf 79' lang='lat' dir='ltr'>exclusus</span> <span class='ocrx_word' id='word_1_96' title='bbox 1019 2147 1139 2230; x_wconf 90' lang='lat' dir='ltr'>iniquis,</span> 
     </span>
    </p>

    <p class='ocr_par' dir='ltr' id='par_1_17' title="bbox 269 2251 1260 2446">
     <span class='ocr_line' id='line_1_17' title="bbox 269 2251 1160 2340; baseline -0.002 -18"><span class='ocrx_word' id='word_1_97' title='bbox 269 2255 439 2333; x_wconf 72' lang='lat' dir='ltr'>Praetereo,</span> <span class='ocrx_word' id='word_1_98' title='bbox 455 2269 548 2340; x_wconf 80' lang='lat' dir='ltr'>atque</span> <span class='ocrx_word' id='word_1_99' title='bbox 563 2256 629 2320; x_wconf 89' lang='lat' dir='ltr'>aliis</span> <span class='ocrx_word' id='word_1_100' title='bbox 644 2269 715 2340; x_wconf 87' lang='lat' dir='ltr'>pust</span> <span class='ocrx_word' id='word_1_101' title='bbox 729 2273 779 2320; x_wconf 88' lang='lat' dir='ltr'>me</span> <span class='ocrx_word' id='word_1_102' title='bbox 795 2251 997 2318; x_wconf 86' lang='lat' dir='ltr'>memoranda</span> <span class='ocrx_word' id='word_1_103' title='bbox 1011 2252 1160 2338; x_wconf 80' lang='lat' dir='ltr'>relinquo.</span> 
     </span>
     <span class='ocr_line' id='line_1_18' title="bbox 315 2347 1260 2446; baseline -0.005 -20"><span class='ocrx_word' id='word_1_104' title='bbox 315 2361 409 2426; x_wconf 90' lang='lat' dir='ltr'>Nunc</span> <span class='ocrx_word' id='word_1_105' title='bbox 425 2381 494 2444; x_wconf 87' lang='lat' dir='ltr'>age,</span> <span class='ocrx_word' id='word_1_106' title='bbox 510 2375 634 2424; x_wconf 88' lang='lat' dir='ltr'>naturas</span> <span class='ocrx_word' id='word_1_107' title='bbox 649 2361 757 2446; x_wconf 83' lang='lat' dir='ltr'>apibus</span> <span class='ocrx_word' id='word_1_108' title='bbox 772 2381 848 2446; x_wconf 92' lang='lat' dir='ltr'>quas</span> <span class='ocrx_word' id='word_1_109' title='bbox 862 2359 982 2444; x_wconf 86' lang='lat' dir='ltr'>Jupiter</span> <span class='ocrx_word' id='word_1_110' title='bbox 998 2358 1065 2443; x_wconf 87' lang='lat' dir='ltr'>ipse</span> <span class='ocrx_word' id='word_1_111' title='bbox 1257 2347 1260 2352; x_wconf 58' lang='grc'><em>’</em></span> 
     </span>
    </p>

    <p class='ocr_par' dir='ltr' id='par_1_18' title="bbox 267 2463 1081 2550">
     <span class='ocr_line' id='line_1_19' title="bbox 267 2463 1081 2550; baseline -0.004 -16"><span class='ocrx_word' id='word_1_112' title='bbox 267 2467 402 2534; x_wconf 73' lang='lat' dir='ltr'>Addidit</span> <span class='ocrx_word' id='word_1_113' title='bbox 416 2464 580 2550; x_wconf 74' lang='lat' dir='ltr'>expediam</span> <span class='ocrx_word' id='word_1_114' title='bbox 595 2487 604 2526; x_wconf 70' lang='grc' dir='ltr'>ι</span> <span class='ocrx_word' id='word_1_115' title='bbox 627 2487 684 2548; x_wconf 89' lang='lat' dir='ltr'>pro</span> <span class='ocrx_word' id='word_1_116' title='bbox 699 2463 761 2548; x_wconf 85' lang='lat' dir='ltr'>quit</span> <span class='ocrx_word' id='word_1_117' title='bbox 776 2465 935 2542; x_wconf 76' lang='lat' dir='ltr'>mercede,</span> <span class='ocrx_word' id='word_1_118' title='bbox 951 2485 1081 2532; x_wconf 88' lang='lat' dir='ltr'>canoros</span> 
     </span>
    </p>

    <p class='ocr_par' dir='ltr' id='par_1_19' title="bbox 269 2567 1019 2653">
     <span class='ocr_line' id='line_1_20' title="bbox 269 2567 1019 2653; baseline -0.004 -16"><span class='ocrx_word' id='word_1_119' title='bbox 269 2571 423 2637; x_wconf 86' lang='lat' dir='ltr'>Curetum</span> <span class='ocrx_word' id='word_1_120' title='bbox 435 2571 548 2634; x_wconf 86' lang='lat' dir='ltr'>sonitus</span> <span class='ocrx_word' id='word_1_121' title='bbox 563 2567 804 2653; x_wconf 75' lang='lat' dir='ltr'>crepitantiaque</span> <span class='ocrx_word' id='word_1_122' title='bbox 820 2590 880 2632; x_wconf 82' lang='lat' dir='ltr'>tera</span> <span class='ocrx_word' id='word_1_123' title='bbox 894 2581 1019 2647; x_wconf 76' lang='lat' dir='ltr'>secute,</span> 
     </span>
    </p>

    <p class='ocr_par' dir='ltr' id='par_1_20' title="bbox 267 2671 909 2759">
     <span class='ocr_line' id='line_1_21' title="bbox 267 2671 909 2759; baseline -0.009 -17"><span class='ocrx_word' id='word_1_124' title='bbox 267 2675 391 2742; x_wconf 80' lang='lat' dir='ltr'>Dictae</span> <span class='ocrx_word' id='word_1_125' title='bbox 401 2675 472 2742; x_wconf 83' lang='lat' dir='ltr'>eoeli</span> <span class='ocrx_word' id='word_1_126' title='bbox 486 2694 594 2759; x_wconf 84' lang='lat' dir='ltr'>regem</span> <span class='ocrx_word' id='word_1_127' title='bbox 609 2671 723 2758; x_wconf 74' lang='lat' dir='ltr'>pavire</span> <span class='ocrx_word' id='word_1_128' title='bbox 739 2673 796 2736; x_wconf 83' lang='lat' dir='ltr'>nult</span> <span class='ocrx_word' id='word_1_129' title='bbox 811 2687 909 2738; x_wconf 87' lang='lat' dir='ltr'>antro.</span> 
     </span>
    </p>

    <p class='ocr_par' dir='ltr' id='par_1_21' title="bbox 271 2777 926 2856">
     <span class='ocr_line' id='line_1_22' title="bbox 271 2777 926 2856; baseline 0 -10"><span class='ocrx_word' id='word_1_130' title='bbox 271 2781 353 2846; x_wconf 81' lang='lat' dir='ltr'>Sole</span> <span class='ocrx_word' id='word_1_131' title='bbox 369 2800 549 2846; x_wconf 88' lang='lat' dir='ltr'>communes</span> <span class='ocrx_word' id='word_1_132' title='bbox 563 2793 661 2856; x_wconf 83' lang='lat' dir='ltr'>natos,</span> <span class='ocrx_word' id='word_1_133' title='bbox 677 2777 828 2844; x_wconf 84' lang='lat' dir='ltr'>consortia</span> <span class='ocrx_word' id='word_1_134' title='bbox 844 2793 926 2846; x_wconf 85' lang='lat' dir='ltr'>tecta</span> 
     </span>
    </p>

    <p class='ocr_par' dir='ltr' id='par_1_22' title="bbox 269 2883 1158 2970">
     <span class='ocr_line' id='line_1_23' title="bbox 269 2883 1158 2970; baseline 0.004 -22"><span class='ocrx_word' id='word_1_135' title='bbox 269 2883 366 2950; x_wconf 86' lang='lat' dir='ltr'>Urbis</span> <span class='ocrx_word' id='word_1_136' title='bbox 379 2887 503 2963; x_wconf 87' lang='lat' dir='ltr'>habent,</span> <span class='ocrx_word' id='word_1_137' title='bbox 519 2886 699 2970; x_wconf 78' lang='lat' dir='ltr'>magnisque</span> <span class='ocrx_word' id='word_1_138' title='bbox 714 2885 828 2969; x_wconf 85' lang='lat' dir='ltr'>agitent</span> <span class='ocrx_word' id='word_1_139' title='bbox 839 2887 896 2950; x_wconf 87' lang='lat' dir='ltr'>sub</span> <span class='ocrx_word' id='word_1_140' title='bbox 911 2885 1029 2970; x_wconf 87' lang='lat' dir='ltr'>legibus</span> <span class='ocrx_word' id='word_1_141' title='bbox 1043 2906 1158 2969; x_wconf 71' lang='lat' dir='ltr'>aarum,</span> 
     </span>
    </p>

    <p class='ocr_par' dir='ltr' id='par_1_23' title="bbox 269 2989 1301 3078">
     <span class='ocr_line' id='line_1_24' title="bbox 269 2989 1301 3078; baseline -0.006 -16"><span class='ocrx_word' id='word_1_142' title='bbox 269 2991 317 3062; x_wconf 87' lang='lat' dir='ltr'>Et</span> <span class='ocrx_word' id='word_1_143' title='bbox 330 2994 457 3078; x_wconf 89' lang='lat' dir='ltr'>patriam</span> <span class='ocrx_word' id='word_1_144' title='bbox 473 2991 557 3070; x_wconf 74' lang='lat' dir='ltr'>sola,</span> <span class='ocrx_word' id='word_1_145' title='bbox 573 3005 604 3057; x_wconf 86' lang='lat' dir='ltr'>et</span> <span class='ocrx_word' id='word_1_146' title='bbox 618 3005 720 3056; x_wconf 87' lang='lat' dir='ltr'>certos</span> <span class='ocrx_word' id='word_1_147' title='bbox 735 2989 849 3056; x_wconf 77' lang='lat' dir='ltr'>novere</span> <span class='ocrx_word' id='word_1_148' title='bbox 864 3006 1016 3076; x_wconf 87' lang='lat' dir='ltr'>penates:</span> <span class='ocrx_word' id='word_1_149' title='bbox 1239 2992 1301 3056; x_wconf 80' lang='lat' dir='ltr'>ten</span> 
     </span>
    </p>

    <p class='ocr_par' dir='ltr' id='par_1_24' title="bbox 269 3093 1049 3184">
     <span class='ocr_line' id='line_1_25' title="bbox 269 3093 1049 3184; baseline 0.003 -24"><span class='ocrx_word' id='word_1_150' title='bbox 269 3093 476 3184; x_wconf 82' lang='lat' dir='ltr'>Venmraeque</span> <span class='ocrx_word' id='word_1_151' title='bbox 487 3097 598 3163; x_wconf 85' lang='lat' dir='ltr'>hiemis</span> <span class='ocrx_word' id='word_1_152' title='bbox 613 3117 777 3176; x_wconf 84' lang='lat' dir='ltr'>memores,</span> <span class='ocrx_word' id='word_1_153' title='bbox 794 3111 897 3162; x_wconf 80' lang='lat' dir='ltr'>estate</span> <span class='ocrx_word' id='word_1_154' title='bbox 912 3097 1049 3164; x_wconf 83' lang='lat' dir='ltr'>laborem</span> 
     </span>
    </p>

    <p class='ocr_par' dir='ltr' id='par_1_25' title="bbox 267 3201 1053 3291">
     <span class='ocr_line' id='line_1_26' title="bbox 267 3201 1053 3291; baseline -0.001 -22"><span class='ocrx_word' id='word_1_155' title='bbox 267 3201 491 3291; x_wconf 82' lang='lat' dir='ltr'>Experiuntut,</span> <span class='ocrx_word' id='word_1_156' title='bbox 507 3219 539 3268; x_wconf 93' lang='lat' dir='ltr'>et</span> <span class='ocrx_word' id='word_1_157' title='bbox 553 3205 583 3268; x_wconf 90' lang='lat' dir='ltr'>in</span> <span class='ocrx_word' id='word_1_158' title='bbox 599 3204 738 3270; x_wconf 90' lang='lat' dir='ltr'>medinm</span> <span class='ocrx_word' id='word_1_159' title='bbox 754 3204 878 3289; x_wconf 74' lang='lat' dir='ltr'>quesita</span> <span class='ocrx_word' id='word_1_160' title='bbox 893 3217 1053 3290; x_wconf 85' lang='lat' dir='ltr'>reponunt.</span> 
     </span>
    </p>

    <p class='ocr_par' dir='ltr' id='par_1_26' title="bbox 270 3308 1209 3398">
     <span class='ocr_line' id='line_1_27' title="bbox 270 3308 1209 3398; baseline -0.002 -20"><span class='ocrx_word' id='word_1_161' title='bbox 270 3311 417 3398; x_wconf 85' lang='lat' dir='ltr'>Namque</span> <span class='ocrx_word' id='word_1_162' title='bbox 433 3312 497 3376; x_wconf 74' lang='lat' dir='ltr'>alias</span> <span class='ocrx_word' id='word_1_163' title='bbox 513 3311 595 3376; x_wconf 81' lang='lat' dir='ltr'>victu</span> <span class='ocrx_word' id='word_1_164' title='bbox 609 3311 775 3396; x_wconf 87' lang='lat' dir='ltr'>invigilant,</span> <span class='ocrx_word' id='word_1_165' title='bbox 792 3323 823 3374; x_wconf 88' lang='lat' dir='ltr'>et</span> <span class='ocrx_word' id='word_1_166' title='bbox 837 3308 955 3376; x_wconf 78' lang='lat' dir='ltr'>l’oedere</span> <span class='ocrx_word' id='word_1_167' title='bbox 971 3323 1063 3396; x_wconf 84' lang='lat' dir='ltr'>pacto</span> <span class='ocrx_word' id='word_1_168' title='bbox 1189 3337 1209 3376; x_wconf 73' lang='lat' dir='ltr'>e</span> 
     </span>
    </p>

    <p class='ocr_par' dir='ltr' id='par_1_27' title="bbox 268 3415 1052 3504">
     <span class='ocr_line' id='line_1_28' title="bbox 268 3415 1052 3504; baseline -0.008 -20"><span class='ocrx_word' id='word_1_169' title='bbox 268 3415 470 3484; x_wconf 83' lang='lat' dir='ltr'>Exercentur</span> <span class='ocrx_word' id='word_1_170' title='bbox 484 3417 587 3504; x_wconf 80' lang='lat' dir='ltr'>agrist</span> <span class='ocrx_word' id='word_1_171' title='bbox 610 3439 681 3503; x_wconf 90' lang='lat' dir='ltr'>pars</span> <span class='ocrx_word' id='word_1_172' title='bbox 696 3416 773 3482; x_wconf 85' lang='lat' dir='ltr'>intra</span> <span class='ocrx_word' id='word_1_173' title='bbox 789 3435 875 3502; x_wconf 89' lang='lat' dir='ltr'>septa</span> <span class='ocrx_word' id='word_1_174' title='bbox 892 3417 1052 3482; x_wconf 86' lang='lat' dir='ltr'>domorum</span> 
     </span>
    </p>

    <p class='ocr_par' dir='ltr' id='par_1_28' title="bbox 268 3523 1300 3610">
     <span class='ocr_line' id='line_1_29' title="bbox 268 3523 1300 3610; baseline 0.003 -21"><span class='ocrx_word' id='word_1_175' title='bbox 268 3523 409 3590; x_wconf 82' lang='lat' dir='ltr'>Narcissi</span> <span class='ocrx_word' id='word_1_176' title='bbox 425 3524 604 3610; x_wconf 85' lang='lat' dir='ltr'>lacrymam,</span> <span class='ocrx_word' id='word_1_177' title='bbox 621 3537 653 3588; x_wconf 91' lang='lat' dir='ltr'>et</span> <span class='ocrx_word' id='word_1_178' title='bbox 667 3523 781 3588; x_wconf 88' lang='lat' dir='ltr'>lentum</span> <span class='ocrx_word' id='word_1_179' title='bbox 797 3526 838 3592; x_wconf 92' lang='lat' dir='ltr'>de</span> <span class='ocrx_word' id='word_1_180' title='bbox 853 3526 967 3590; x_wconf 74' lang='lat' dir='ltr'>confice</span> <span class='ocrx_word' id='word_1_181' title='bbox 989 3524 1103 3607; x_wconf 84' lang='lat' dir='ltr'>gluten,</span> <span class='ocrx_word' id='word_1_182' title='bbox 1239 3523 1300 3592; x_wconf 87' lang='grc'>160</span> 
     </span>
    </p>

    <p class='ocr_par' dir='ltr' id='par_1_29' title="bbox 268 3627 1089 3716">
     <span class='ocr_line' id='line_1_30' title="bbox 268 3627 1089 3716; baseline 0.002 -22"><span class='ocrx_word' id='word_1_183' title='bbox 268 3627 377 3694; x_wconf 86' lang='lat' dir='ltr'>Prima</span> <span class='ocrx_word' id='word_1_184' title='bbox 392 3628 468 3694; x_wconf 81' lang='lat' dir='ltr'>satie</span> <span class='ocrx_word' id='word_1_185' title='bbox 482 3643 598 3716; x_wconf 89' lang='lat' dir='ltr'>ponunt</span> <span class='ocrx_word' id='word_1_186' title='bbox 612 3629 812 3712; x_wconf 80' lang='lat' dir='ltr'>fundamiun3</span> <span class='ocrx_word' id='word_1_187' title='bbox 835 3632 947 3696; x_wconf 89' lang='lat' dir='ltr'>deinde</span> <span class='ocrx_word' id='word_1_188' title='bbox 963 3645 1089 3696; x_wconf 86' lang='lat' dir='ltr'>tenaces</span> 
     </span>
    </p>

    <p class='ocr_par' dir='ltr' id='par_1_30' title="bbox 269 3725 1056 3822">
     <span class='ocr_line' id='line_1_31' title="bbox 269 3725 1056 3822; baseline 0.006 -25"><span class='ocrx_word' id='word_1_189' title='bbox 269 3725 469 3822; x_wconf 79' lang='lat' dir='ltr'>Suspendant</span> <span class='ocrx_word' id='word_1_190' title='bbox 483 3756 594 3801; x_wconf 86' lang='lat' dir='ltr'>ceras:</span> <span class='ocrx_word' id='word_1_191' title='bbox 617 3736 693 3815; x_wconf 84' lang='lat' dir='ltr'>aliae,</span> <span class='ocrx_word' id='word_1_192' title='bbox 708 3757 796 3820; x_wconf 89' lang='lat' dir='ltr'>spem</span> <span class='ocrx_word' id='word_1_193' title='bbox 811 3737 920 3821; x_wconf 87' lang='lat' dir='ltr'>gentis,</span> <span class='ocrx_word' id='word_1_194' title='bbox 936 3736 1056 3802; x_wconf 88' lang='lat' dir='ltr'>adultos</span> 
     </span>
    </p>
   </div>
   <div class='ocr_carea' id='block_1_3' title="bbox 261 3837 1297 4352">
    <p class='ocr_par' dir='ltr' id='par_1_31' title="bbox 271 3837 916 3928">
     <span class='ocr_line' id='line_1_32' title="bbox 271 3837 916 3928; baseline 0.003 -24"><span class='ocrx_word' id='word_1_195' title='bbox 271 3837 419 3906; x_wconf 85' lang='lat' dir='ltr'>Eductmt</span> <span class='ocrx_word' id='word_1_196' title='bbox 434 3840 546 3908; x_wconf 76' lang='lat' dir='ltr'>status:</span> <span class='ocrx_word' id='word_1_197' title='bbox 569 3841 634 3906; x_wconf 82' lang='lat' dir='ltr'>alia</span> <span class='ocrx_word' id='word_1_198' title='bbox 650 3843 810 3928; x_wconf 87' lang='lat' dir='ltr'>purissima</span> <span class='ocrx_word' id='word_1_199' title='bbox 824 3841 916 3906; x_wconf 87' lang='lat' dir='ltr'>mella</span> 
     </span>
    </p>

    <p class='ocr_par' dir='ltr' id='par_1_32' title="bbox 268 3945 1027 4034">
     <span class='ocr_line' id='line_1_33' title="bbox 268 3945 1027 4034; baseline 0.003 -23"><span class='ocrx_word' id='word_1_200' title='bbox 268 3945 402 4034; x_wconf 89' lang='lat' dir='ltr'>Stipant,</span> <span class='ocrx_word' id='word_1_201' title='bbox 418 3965 450 4012; x_wconf 89' lang='lat' dir='ltr'>et</span> <span class='ocrx_word' id='word_1_202' title='bbox 463 3948 579 4033; x_wconf 83' lang='lat' dir='ltr'>liquido</span> <span class='ocrx_word' id='word_1_203' title='bbox 591 3947 766 4012; x_wconf 88' lang='lat' dir='ltr'>distendunt</span> <span class='ocrx_word' id='word_1_204' title='bbox 780 3963 905 4012; x_wconf 85' lang='lat' dir='ltr'>nectere</span> <span class='ocrx_word' id='word_1_205' title='bbox 920 3946 1027 4014; x_wconf 87' lang='lat' dir='ltr'>cellas.</span> 
     </span>
    </p>

    <p class='ocr_par' dir='ltr' id='par_1_33' title="bbox 264 4051 1297 4241">
     <span class='ocr_line' id='line_1_34' title="bbox 264 4051 1297 4140; baseline -0.002 -24"><span class='ocrx_word' id='word_1_206' title='bbox 264 4051 349 4116; x_wconf 85' lang='lat' dir='ltr'>Sunt</span> <span class='ocrx_word' id='word_1_207' title='bbox 364 4053 473 4136; x_wconf 89' lang='lat' dir='ltr'>quibus</span> <span class='ocrx_word' id='word_1_208' title='bbox 484 4051 524 4118; x_wconf 89' lang='lat' dir='ltr'>ad</span> <span class='ocrx_word' id='word_1_209' title='bbox 539 4065 641 4140; x_wconf 87' lang='lat' dir='ltr'>portas</span> <span class='ocrx_word' id='word_1_210' title='bbox 656 4053 771 4118; x_wconf 86' lang='lat' dir='ltr'>cecidit</span> <span class='ocrx_word' id='word_1_211' title='bbox 784 4051 923 4117; x_wconf 86' lang='lat' dir='ltr'>custodia</span> <span class='ocrx_word' id='word_1_212' title='bbox 939 4053 1032 4116; x_wconf 73' lang='lat' dir='ltr'>sortis</span> <span class='ocrx_word' id='word_1_213' title='bbox 1235 4055 1297 4119; x_wconf 73' lang='lat'>16⁶</span> 
     </span>
     <span class='ocr_line' id='line_1_35' title="bbox 264 4155 1080 4241; baseline -0.001 -19"><span class='ocrx_word' id='word_1_214' title='bbox 264 4155 365 4241; x_wconf 88' lang='lat' dir='ltr'>lnque</span> <span class='ocrx_word' id='word_1_215' title='bbox 380 4157 482 4221; x_wconf 82' lang='lat' dir='ltr'>vicem</span> <span class='ocrx_word' id='word_1_216' title='bbox 498 4157 693 4241; x_wconf 86' lang='lat' dir='ltr'>speculantur</span> <span class='ocrx_word' id='word_1_217' title='bbox 708 4178 804 4241; x_wconf 88' lang='lat' dir='ltr'>aquas</span> <span class='ocrx_word' id='word_1_218' title='bbox 819 4169 851 4220; x_wconf 90' lang='lat' dir='ltr'>et</span> <span class='ocrx_word' id='word_1_219' title='bbox 870 4156 973 4222; x_wconf 87' lang='lat' dir='ltr'>nubila</span> <span class='ocrx_word' id='word_1_220' title='bbox 988 4157 1080 4239; x_wconf 81' lang='lat' dir='ltr'>coeli3</span> 
     </span>
    </p>

    <p class='ocr_par' dir='ltr' id='par_1_34' title="bbox 261 4263 1154 4352">
     <span class='ocr_line' id='line_1_36' title="bbox 261 4263 1154 4352; baseline 0.002 -24"><span class='ocrx_word' id='word_1_221' title='bbox 261 4263 331 4328; x_wconf 80' lang='lat' dir='ltr'>Aut</span> <span class='ocrx_word' id='word_1_222' title='bbox 345 4283 442 4328; x_wconf 86' lang='lat' dir='ltr'>onera</span> <span class='ocrx_word' id='word_1_223' title='bbox 457 4263 612 4352; x_wconf 86' lang='lat' dir='ltr'>accipiunt</span> <span class='ocrx_word' id='word_1_224' title='bbox 625 4263 801 4330; x_wconf 84' lang='lat' dir='ltr'>venienttlm</span> <span class='ocrx_word' id='word_1_225' title='bbox 814 4286 824 4344; x_wconf 83' lang='lat'>3</span> <span class='ocrx_word' id='word_1_226' title='bbox 847 4277 909 4352; x_wconf 82' lang='lat' dir='ltr'>aut,</span> <span class='ocrx_word' id='word_1_227' title='bbox 926 4265 1046 4350; x_wconf 79' lang='lat' dir='ltr'>agmine</span> <span class='ocrx_word' id='word_1_228' title='bbox 1063 4264 1154 4342; x_wconf 86' lang='lat' dir='ltr'>lacto,</span> 
     </span>
    </p>
   </div>
   <div class='ocr_carea' id='block_1_4' title="bbox 0 0 1482 5132">
    <p class='ocr_par' dir='ltr' id='par_1_35' title="bbox 0 0 1482 5132">
     <span class='ocr_line' id='line_1_37' title="bbox 0 0 1482 5132; baseline 0 0"><span class='ocrx_word' id='word_1_229' title='bbox 0 0 1482 5132; x_wconf 95' lang='lat' dir='ltr'> </span> 
     </span>
    </p>
   </div>
  </div>
 </body>
</html>
