2914 5130
511 1029 878 1124 AENEIDOS

496 1306 636 1374 LIBER
660 1305 887 1374 SEPTIMUS.

192 1524 245 1590 Tu
261 1541 384 1610 quoque
398 1519 555 1588 littoribus
568 1524 690 1601 nostris,
706 1521 816 1586 AEneia
830 1519 945 1602 nutrix,

194 1627 355 1692 AEternam
369 1628 505 1690 moriens
519 1625 644 1706 sumam,
659 1624 780 1705 Caieta,
798 1623 931 1690 dedisti:

194 1731 236 1796 Et
250 1751 331 1795 nunc
347 1741 452 1794 servat
467 1725 565 1794 bonon
579 1729 685 1793 sedem
700 1741 789 1809 tuus3
810 1749 944 1814 ossaque
958 1745 1069 1792 nomen

192 1829 356 1918 Hesperii
369 1833 401 1896 in
415 1829 534 1915 magni,
549 1832 575 1898 si
589 1851 652 1918 qua
666 1845 713 1896 cst
727 1851 766 1896 ea
780 1831 888 1918 gloria,
904 1834 1017 1918 signat.

192 1938 236 2000 At
250 1937 319 2022 pius
334 1934 491 2020 exsequiis
506 1931 621 1998 AEnens
635 1935 695 1998 rit&
710 1931 826 2014 solutis,
1209 1938 1229 1995 5

191 2041 317 2128 Aggere
331 2041 505 2124 composito
519 2037 634 2119 tumuli,
648 2051 813 2124 postquam
828 2035 891 2102 alta
906 2035 1051 2122 quierunt

193 2144 344 2231 Equum,
360 2144 458 2210 tendit
472 2144 532 2208 iter
544 2143 633 2225 velis,
646 2157 832 2230 portumque
847 2142 1003 2229 relinquit.

193 2247 368 2334 Adspirant
381 2267 466 2311 aurae
480 2249 513 2310 in
529 2259 661 2326 noctem,
676 2267 733 2311 nec
748 2243 886 2310 candide
901 2265 1009 2308 cursus

194 2347 285 2414 Luna
299 2361 409 2434 negat3
430 2345 574 2433 splendet
587 2347 719 2412 tremulo
733 2348 792 2412 sub
807 2347 923 2412 lumine
936 2359 1058 2432 pontus.

193 2451 345 2517 Proxima
359 2449 492 2514 Circaete
506 2447 657 2513 raduntur
671 2448 776 2532 littora
789 2461 892 2530 terrm,
1193 2452 1231 2512 10

193 2551 295 2620 Dives
309 2553 486 2618 inaccessos
500 2551 554 2614 ubi
571 2548 652 2614 Solis
667 2549 732 2614 filia
747 2550 833 2614 lucos

195 2655 332 2722 Assiduo
345 2669 472 2720 resonat
485 2667 589 2734 cantu,
603 2653 754 2739 tectisque
769 2655 913 2740 superbis

195 2757 269 2824 Urit
283 2757 447 2823 odoratam
461 2769 612 2822 nocturna
626 2757 657 2822 in
673 2753 788 2820 lumina
802 2757 940 2836 cedrum,

193 2865 316 2950 Arguto
330 2875 437 2926 tenues
451 2880 638 2946 percurrens
651 2860 774 2945 pectine
789 2859 880 2925 telas.

194 2965 283 3030 Hinc
298 2963 442 3029 exaudiri
455 2961 585 3050 gemitus
600 2965 719 3047 iraeque
733 2960 857 3026 leonum
1193 2967 1231 3024 15

196 3065 315 3134 vincta
329 3063 526 3132 recusantum
541 3077 574 3128 et
587 3064 657 3128 serit
671 3064 730 3128 sub
743 3077 835 3128 nocte
848 3063 1030 3146 rudentum

196 3169 393 3256 Setigerique
408 3189 488 3248 sues,
503 3179 597 3252 etque
612 3171 643 3230 in
658 3167 854 3253 praesepibus
869 3171 932 3232 ursi

197 3273 325 3352 sentire,
340 3293 377 3336 ac
392 3272 499 3336 sormoe
515 3291 695 3356 magnorum
710 3268 829 3336 ululare
843 3270 1004 3356 luporum3

197 3373 283 3456 Quos
297 3371 455 3438 hominum
469 3393 509 3436 ex
524 3372 606 3436 lucie
620 3370 682 3436 dea
696 3393 779 3436 saeva
794 3373 970 3458 potentibus
984 3369 1092 3435 herbis

196 3475 346 3540 induerat
360 3473 457 3538 Circe
471 3474 502 3538 in
516 3473 618 3540 vultus
633 3495 670 3538 ac
686 3488 772 3562 terga
786 3476 934 3540 seierum.
1189 3479 1232 3538 20

196 3575 274 3660 Quae
290 3597 330 3642 ne
345 3589 481 3642 monstra
496 3579 540 3662 pii
556 3589 736 3663 paterentur
749 3576 825 3643 talia
840 3577 941 3642 Trous

196 3675 304 3743 Deleti
318 3683 350 3744 in
365 3693 483 3764 portus,
497 3701 556 3743 neu
571 3677 674 3744 littora
688 3677 758 3744 dira
772 3681 920 3761 subirent,

196 3779 358 3868 Neptunus
372 3781 472 3847 ventis
487 3781 625 3867 implevit
638 3781 709 3847 vela
722 3781 878 3863 secundis,

197 3885 300 3972 Atque
314 3885 419 3972 fugam
433 3883 530 3968 dedit,
545 3899 576 3950 et
589 3899 704 3972 praeter
718 3885 800 3951 vade
815 3881 937 3950 fervida
951 3885 1047 3950 vexit.

152 3989 187 4081 f
236 3987 373 4072 Jamque
387 3988 577 4054 rubescebat
590 3988 690 4083 radiis
704 4009 800 4068 mare,
814 4001 845 4052 et
860 3988 977 4056 aethere
991 3991 1033 4057 ab
1048 3989 1111 4058 alto
1189 3999 1230 4058 25

195 4090 319 4155 Aurora
333 4093 367 4155 in
380 4095 479 4157 roseis
490 4091 629 4180 fulgebat
643 4091 727 4158 lutea
741 4089 839 4178 bigis:

193 4191 301 4277 Quum
314 4197 399 4261 venti
413 4193 557 4281 posuire,
571 4198 733 4284 omnisque
745 4195 877 4284 repenti
889 4195 1006 4267 resedit
