2978 5124
669 521 787 586 utum
807 523 843 586 Χ.

250 681 332 746 dcta
346 680 454 744 lurore
468 681 578 765 gravis
598 675 684 760 Quid
698 699 750 744 me
763 677 828 746 alta
841 677 964 746 silentia
978 680 1065 766 rogb

254 779 423 868 Rumpere,
437 795 469 846 et
483 779 652 848 obdrrmum
666 781 774 848 verbis
787 781 916 866 vulgare
930 781 1090 848 dolorem?

251 883 378 952 AEuean
393 886 553 952 bominum
567 889 731 971 quisquam
745 885 894 952 dirtimve
907 887 1030 972 subegit

255 987 345 1052 Bella
359 989 459 1074 sequi,
473 1001 526 1054 aut
540 988 660 1056 bostem
674 989 741 1074 regi
754 1010 788 1054 se
803 989 918 1054 uslerre
932 988 1066 1054 Latinoi

255 1090 377 1158 ltaliam
390 1093 463 1158 satis
478 1093 566 1180 petiit
580 1093 770 1174 auctoribus,
784 1107 860 1173 esto,

255 1193 444 1260 Cassandra
459 1195 607 1284 impulsus
620 1197 721 1262 iuriis.
764 1196 848 1262 Num
861 1195 1002 1282 linquere
1016 1209 1121 1262 casua

255 1298 383 1364 Hortari
396 1319 511 1379 sumus,
525 1315 579 1366 aut
591 1298 687 1366 vitam
701 1299 895 1364 committere
909 1300 1031 1366 venusi

253 1399 335 1466 Num
349 1421 450 1488 puero
463 1423 616 1468 summam
630 1401 716 1484 belli,
730 1425 803 1468 num
817 1401 950 1468 credere
964 1407 1088 1468 morosi

254 1503 498 1590 Tyrrhenamre
512 1505 606 1571 fidem
622 1517 676 1570 aut
689 1519 796 1592 gentes
810 1507 930 1593 agitare
944 1510 1086 1592 quietas?

255 1604 333 1688 Quis
347 1605 426 1672 deus
441 1607 472 1672 in
487 1606 641 1689 iraudem,
655 1629 723 1693 qua
738 1607 817 1674 dura
832 1610 972 1695 potentia
986 1609 1084 1674 nostri

256 1709 346 1797 Egit?
367 1710 423 1774 ubi
438 1711 490 1778 bic
505 1713 598 1793 Juno,
612 1713 788 1778 demissave
802 1713 938 1779 nubibus
958 1714 1039 1778 Irisi

256 1813 418 1900 indignum
433 1829 481 1880 est
495 1815 589 1884 italos
604 1817 734 1904 'frojam
749 1818 946 1884 circumdare
961 1818 1091 1884 dammis

253 1915 455 2000 Nascentem,
466 1933 499 1984 et
512 1917 615 2006 patrii
629 1919 769 1986 Turnum
783 1925 954 1986 consistere
968 1921 1061 2000 terri,

255 2017 315 2084 Cui
329 2019 488 2086 Pilumnus
502 2043 590 2101 avus,
603 2025 655 2086 cui
669 2021 744 2086 diva
759 2021 889 2088 Venilia
902 2035 1019 2088 mater:

256 2123 340 2205 Quid
355 2125 427 2189 iace
442 2124 598 2213 Trojanos
612 2125 681 2190 atri
694 2126 757 2190 vim
771 2125 855 2191 serre
866 2125 997 2205 Latinis,

255 2226 342 2290 Arva
356 2226 460 2292 aliena
470 2229 546 2314 jugo
560 2249 714 2314 premere,
727 2241 822 2315 atque
836 2241 980 2294 avenere
993 2227 1139 2315 praedasl

255 2329 339 2412 Quid
354 2353 481 2396 soceros
496 2331 611 2418 legere,
625 2345 657 2396 et
670 2333 797 2419 pomis
812 2331 1115 2418 abducerepactam

256 2431 371 2498 Pacem
385 2453 478 2498 orare
492 2455 596 2513 manu,
610 2433 775 2520 praefigere
789 2434 948 2520 puppibus
962 2437 1071 2500 armai

256 2534 306 2600 Tu
319 2547 409 2621 potos
423 2533 547 2600 AEneao
562 2536 706 2601 manibus
719 2536 895 2602 subducere
909 2536 1052 2618 Graiium,

257 2637 380 2726 Proque
395 2639 464 2704 viro
476 2639 625 2704 nebulam
640 2654 671 2706 et
685 2653 795 2706 ventos
809 2639 982 2708 obtendere
997 2643 1124 2722 manes,

257 2738 296 2805 Et
309 2753 400 2828 potes
414 2744 446 2806 in
461 2741 590 2806 totidem
604 2740 737 2808 classem
752 2757 937 2808 convertere
952 2743 1136 2830 Nymphas:

257 2843 321 2912 Nos
336 2847 454 2932 aliquid
470 2846 603 2912 Rutulos
617 2848 725 2912 contri
735 2849 854 2934 juvisse
868 2848 1036 2916 nefandum
1049 2855 1117 2916 ostl

255 2947 372 3016 AEneas
386 2951 511 3037 ignarus
525 2950 635 3015 abest:
656 2950 781 3037 ignarus
795 2965 827 3016 et
842 2952 934 3018 absit.

256 3051 311 3117 Est
327 3052 453 3138 Paphos
467 3051 662 3138 ldaliumque
677 3053 745 3133 ribi,
759 3067 830 3119 sunt
844 3054 907 3120 alta
922 3055 1084 3142 Cythera:

253 3155 337 3238 Quid
350 3154 517 3242 gravidam
531 3155 622 3220 bellis
636 3155 747 3221 urbem
761 3169 793 3222 et
806 3157 906 3222 corda
920 3179 1034 3244 aspera
1046 3163 1166 3224 tentas?

257 3256 361 3324 Nosne
377 3258 436 3321 tibi
450 3257 552 3322 fluxas
567 3256 715 3344 Phrygias
730 3279 780 3324 res
794 3272 919 3324 vertare
933 3258 1031 3324 fundo

258 3359 438 3428 Conamurl
459 3365 536 3426 nos?
556 3383 597 3426 an
611 3363 740 3428 miseros
755 3364 809 3448 qui
822 3363 926 3428 Troas
940 3362 1071 3432 Achivis

255 3465 404 3554 Objecitl
425 3464 503 3547 Qua
517 3487 614 3530 causa
629 3466 687 3531 fuit
700 3487 887 3554 consurgere
902 3466 934 3532 iu
950 3487 1038 3531 arma

257 3569 477 3656 Europamque
491 3570 672 3653 Asiamque,
685 3583 717 3634 et
731 3570 852 3636 soedera
867 3569 988 3635 solvere
1002 3569 1104 3632 lurtol

257 3671 309 3737 nte
323 3671 405 3738 duce
420 3671 603 3738 Dardanum
617 3674 761 3758 Spartam
777 3671 966 3758 expugnavit
980 3668 1125 3740 adulteri

257 3777 318 3840 Aut
332 3795 392 3862 ego
406 3773 469 3839 tela
483 3774 568 3855 dedi,
582 3775 685 3840 fovive
700 3776 850 3862 cupidine
864 3773 970 3840 bellai

257 3876 337 3942 Tum
351 3876 457 3942 decuit
470 3877 615 3944 metuisse
630 3881 708 3944 tuis:
731 3899 811 3942 nunc
826 3897 896 3942 sera
911 3875 1047 3960 querelis

256 3977 354 4044 Haud
365 3979 457 4066 justis
471 3983 618 4064 assurgis,
632 3993 664 4044 ot
678 3980 766 4045 irrita
776 3979 882 4064 jurgia
891 3979 1006 4064 jactas

298 4079 431 4146 Talibus
444 4083 557 4146 orabat
570 4081 589 4144 J
593 4103 673 4161 uno;
694 4081 859 4163 cunctique
873 4079 1048 4150 fremebant

258 4180 417 4249 Coelicolae
432 4205 561 4250 assam
574 4183 681 4252 rarior
703 4205 762 4250 ceu
778 4185 904 4252 flamina
918 4182 1021 4270 prima
