2956 5132
194 531 252 590 tre
632 519 820 588 AENEIDOS

239 675 343 762 Ipsum
358 689 461 741 autem
476 679 604 762 sumptis
620 675 777 740 Priamum
788 671 989 762 juvenalibus
1004 675 1100 738 armis

242 775 286 842 Ut
301 777 399 843 vidit:
421 779 496 861 Qua
511 798 598 844 mens
613 791 676 842 tam
691 776 772 856 dira,
786 778 959 840 miserrime
974 778 1101 861 conjux,

241 879 365 966 Impulit
381 880 429 944 his
443 881 525 966 cingi
542 879 632 944 telist
654 892 706 943 aut
722 877 784 964 qud
798 881 884 942 ruis?
905 880 1016 963 inquit.
1211 882 1274 942 520

242 984 313 1050 Non
329 983 384 1048 tali
399 982 517 1049 auxilio
532 1005 589 1047 nec
605 981 823 1046 defensoribus
838 983 905 1046 istis

241 1087 380 1172 Tempus
395 1100 482 1174 eget3
505 1109 575 1164 non,
590 1089 617 1150 si
632 1087 699 1170 ipse
715 1103 801 1149 meus
816 1105 897 1148 nunc
913 1081 1022 1148 afforet
1037 1083 1169 1150 Hector.

242 1188 317 1254 Huc
334 1187 460 1254 tandem
474 1187 613 1252 concede
623 1211 640 1249 :⁴
654 1185 719 1250 hec
736 1207 792 1252 ara
808 1185 944 1250 tuebitur
958 1205 1075 1265 omnes,

140 1303 147 1314 '
242 1295 306 1356 Aut
321 1289 455 1354 moriere
471 1289 572 1356 simul.
618 1291 670 1352 Sic
685 1311 740 1354 ore
755 1287 859 1368 effata,
873 1291 994 1373 recepit

244 1393 295 1460 Ad
309 1415 387 1474 sese,
402 1406 433 1456 et
446 1393 539 1456 sacri
553 1390 724 1478 longevum
739 1394 771 1454 in
786 1389 860 1454 sede
872 1389 998 1454 locavit.
1210 1393 1273 1452 525

286 1495 371 1558 Ecce
387 1507 499 1574 autem,
514 1491 637 1579 elapsus
654 1491 770 1578 Pyrrhi
785 1491 825 1556 de
839 1491 935 1571 caede,
952 1485 1075 1569 Polites,

245 1595 334 1662 Unus
349 1611 492 1662 natorum
508 1598 633 1675 Priami,
647 1617 704 1682 per
719 1594 791 1674 tela,
805 1613 863 1680 per
877 1596 990 1676 hostes,

245 1701 420 1766 Porticibus
434 1699 533 1785 longis
547 1699 633 1784 fugit,
648 1710 678 1761 et
692 1715 794 1762 vacua
808 1701 889 1762 atria
903 1696 1012 1762 lustrat

246 1803 395 1866 Saucius:
418 1800 506 1866 illum
521 1799 634 1864 ardens
650 1800 762 1864 infesto
775 1799 904 1864 vulnere
920 1799 1062 1886 Pyrrhus

247 1905 432 1988 Insequitur,
443 1906 510 1990 jam
520 1904 649 1990 jamque
665 1925 757 1967 manu
773 1916 866 1982 tenet,
881 1917 911 1968 et
925 1907 1038 1989 premit
1053 1902 1152 1968 hastai.
1210 1911 1273 1968 ⁵30

248 2006 291 2071 Ut
307 2007 430 2071 tandem
447 2020 517 2071 ante
533 2006 640 2072 oculos
651 2010 751 2070 evasit
765 2020 796 2070 et
810 2028 866 2071 ora
880 2009 1054 2092 parentium,

246 2109 403 2190 Concidit,
418 2133 456 2174 ac
472 2110 566 2174 multo
582 2115 677 2175 vitam
692 2132 763 2176 cum
778 2114 926 2198 sanguine
940 2111 1030 2178 fudit.

247 2215 314 2279 Hic
331 2215 482 2294 Priamus,
496 2237 674 2300 quanquam
688 2219 721 2280 in
736 2214 839 2279 media
848 2217 915 2302 jam
929 2229 1027 2280 morte
1042 2228 1171 2294 tenetur,

245 2317 316 2382 Non
332 2332 435 2384 tamen
451 2320 609 2398 abstinuit,
624 2341 681 2384 nec
697 2323 769 2383 voci
783 2323 899 2406 iraque
912 2322 1073 2406 pepercit=

245 2423 287 2488 'At
301 2423 359 2484 tihi
373 2443 431 2506 pro
446 2421 575 2500 scelere,
590 2420 755 2500 exclamat,
770 2444 828 2507 pro
843 2422 957 2486 talibus
973 2425 1066 2503 ausis,
1206 2429 1273 2484 135

245 2525 290 2587 Dt
304 2525 343 2604 (si
359 2546 420 2608 qua
436 2537 482 2588 est
496 2523 577 2588 coslo
592 2528 692 2609 pietas
707 2545 773 2609 quae
789 2523 864 2590 talia
878 2528 980 2609 curet)
1212 2519 1219 2535 '

246 2629 427 2693 Persolvant
442 2643 545 2715 grates
560 2629 679 2716 dignas,
695 2643 725 2694 et
739 2635 867 2716 prumia
880 2633 1015 2698 reddant

247 2731 375 2812 Debita,
390 2735 443 2816 qui
458 2735 523 2796 nati
538 2753 645 2798 eoram
660 2755 709 2798 me
724 2757 855 2800 cernere
871 2734 966 2802 letum

249 2832 372 2912 Fecisti,
388 2847 419 2897 et
432 2836 551 2919 patrios
566 2834 690 2900 soedtisti
704 2837 811 2902 funere
827 2837 945 2902 vultus!

248 2927 295 3000 At'
305 2957 365 3000 non
380 2933 445 3016 ille,
459 2951 557 3000 satum
574 2959 635 3022 quo
650 2952 681 3002 te
696 2942 845 3018 mentiris,
859 2939 1000 3006 Achilles
1212 2949 1275 3006 540

249 3036 338 3101 Talis
353 3041 383 3101 in
400 3038 488 3102 hoste
502 3039 559 3104 suit
575 3040 719 3120 Priam03
741 3041 797 3106 sed
807 3044 880 3129 jura
896 3044 1051 3130 fidemque

250 3138 406 3224 Supplicia
422 3140 554 3218 erubuit,
568 3163 742 3227 corpusque
757 3163 915 3231 exsangue
929 3146 1073 3232 sepulcro

250 3239 404 3304 Reddidit
420 3241 622 3322 Hectoreum,
637 3263 747 3328 meque
762 3248 794 3310 in
810 3267 880 3311 mea
895 3269 990 3334 regna
1004 3252 1133 3315 remisit.

250 3345 301 3409 Sic
317 3345 397 3408 fatus
412 3347 525 3424 senior,
539 3345 695 3431 telumque
709 3347 835 3414 imbelle
851 3352 917 3416 sine
932 3353 996 3415 ictu

250 3447 404 3535 Conjecit,
418 3469 514 3514 rauco
529 3449 612 3533 quod
626 3454 766 3534 protinus
780 3473 843 3516 aare
858 3452 1024 3538 repulsum,
1203 3442 1276 3544 λ445

251 3552 291 3616 Et
306 3573 424 3615 summo
439 3549 546 3638 clypei
561 3552 772 3638 nequidquam
786 3556 920 3620 umbone
935 3557 1093 3644 pependit.

250 3655 312 3719 Cui
329 3655 489 3740 Pyrrhus:
514 3654 646 3719 Referes
661 3677 735 3743 ergo
750 3657 817 3720 haec
833 3671 864 3722 et
878 3663 1001 3726 nuntius
1015 3663 1077 3726 ibis

251 3757 365 3822 Pelidae
379 3761 529 3843 genitori:
551 3757 598 3821 illi
613 3779 683 3823 mea
697 3763 796 3824 tristia
811 3762 905 3843 fucta,

212 3909 216 3916 .
251 3856 508 3944 Degeneremque
523 3858 769 3945 Neoptolemum,
783 3883 912 3927 narrare
927 3877 1091 3928 memento.

253 3960 343 4024 Nunc
359 3983 492 4026 morere.
513 3963 587 4028 Hoc
602 3963 720 4044 dicens,
735 3962 847 4028 altaria
862 3965 903 4029 ad
918 3970 986 4052 ipsa
1002 3981 1182 4036 trementem
1214 3977 1276 4037 550

253 4063 376 4140 Traxit,
391 4075 421 4126 et
435 4066 466 4130 in
481 4062 577 4130 multo
592 4065 763 4151 lapsantem
778 4070 927 4153 sanguine
941 4071 1025 4148 nati3

253 4163 469 4250 implicuitque
483 4187 605 4235 comam
620 4167 706 4250 leva,
720 4169 893 4256 dextrique
907 4191 1071 4238 coruscum
