2914 5130
632 512 750 576 Lmtttt
768 514 818 574 vt.

229 681 293 746 Dic
308 701 386 766 age3
408 697 554 764 namque,
568 675 645 742 mihi
658 675 757 742 fallax
772 673 858 742 baud
873 677 944 740 ante
963 687 1116 762 repertus,
1173 699 1180 710 ·

232 785 305 848 Hoc
322 804 383 847 unu
397 802 548 868 responso
562 783 699 844 animum
714 778 828 844 delusit
843 778 968 865 Apollo,

229 885 295 968 Qui
309 885 376 949 sore
390 899 422 948 te
437 897 531 970 ponto
545 883 743 962 incolumem,
758 882 898 968 finesque
911 883 1048 949 canebat

230 989 409 1054 Venturum
426 991 598 1052 Ausonius:
621 1009 658 1051 en
676 986 744 1051 brec
759 988 911 1072 promissa
926 987 1004 1054 fides
1019 991 1089 1052 est?

231 1092 289 1158 llle
305 1107 429 1156 autern:
452 1091 564 1176 Neque
579 1103 609 1154 te
626 1091 738 1156 Phoebi
753 1095 875 1156 cortina
889 1090 1007 1173 fefellit,

230 1195 310 1260 Dux
325 1191 525 1272 Anchisiade,
540 1215 598 1257 nec
619 1215 669 1258 me
683 1192 762 1258 deus
776 1213 902 1278 aequore
917 1197 1033 1259 mersit.

231 1299 379 1383 Namque
392 1296 616 1384 gubernaclum
631 1296 727 1362 multa
741 1299 773 1360 vi
788 1297 868 1361 lorti
883 1297 1049 1380 revulsum,

229 1400 294 1464 Cui
309 1401 401 1464 datus
417 1401 575 1464 haerebam
589 1411 703 1478 custus,
717 1419 890 1484 cursusque
905 1401 1064 1486 regebam,

234 1507 440 1592 Pracipitans
455 1510 537 1570 traxi
553 1525 687 1570 mecum.
732 1506 835 1570 Maria
851 1527 965 1592 aspera
976 1509 1050 1594 juro

233 1608 305 1672 Non
319 1607 415 1674 ullum
429 1631 488 1693 pro
502 1629 552 1672 me
567 1621 685 1673 lantum
699 1611 822 1693 cepisse
837 1609 989 1690 timorem,

232 1712 335 1795 Quam
350 1726 402 1776 tua
418 1733 467 1790 ne,
481 1709 615 1797 spoliata
630 1714 735 1791 armis,
749 1733 883 1776 excussa
902 1717 1061 1800 magistro,

231 1814 393 1880 Deficeret
407 1817 501 1880 tantis
516 1817 605 1878 navis
620 1814 815 1900 surgentibus
829 1813 932 1878 undis.

230 1919 314 1983 Tres
330 1901 429 1982 Notus
444 1917 594 1982 hibernas
609 1919 760 1980 immensa
775 1939 832 2001 per
846 1937 974 2002 aequora
988 1931 1097 1982 noctes

232 2019 333 2085 Vexit
348 2042 396 2084 me
411 2017 566 2084 violentus
581 2018 682 2103 aqui:
705 2021 760 2082 vix
776 2017 890 2084 lumine
906 2031 1017 2104 quarto

234 2123 387 2208 Prospexi
404 2123 533 2203 ltaliam,
548 2121 666 2186 summi
680 2121 824 2186 sublimis
839 2121 881 2186 ab
895 2121 990 2188 unda.

234 2226 390 2292 Paulatim
405 2226 563 2292 adnabam
578 2239 688 2290 terre:
707 2227 775 2313 jam
789 2237 856 2289 tuta
870 2226 1033 2304 tenebam;

233 2331 276 2396 Ni
289 2355 364 2418 gens
379 2331 517 2396 crudelis
531 2329 659 2394 madida
674 2352 746 2394 cum
760 2343 848 2394 veste
863 2341 1036 2417 gravatum,

233 2433 499 2519 Prcnsantemque
515 2437 603 2498 uncis
617 2431 761 2497 manibus
776 2436 881 2518 capita
897 2453 1009 2519 aspera
1024 2437 1146 2514 montis,

233 2535 334 2600 Ferro
349 2539 524 2615 invasisset,
538 2533 740 2620 praedamque
755 2537 864 2620 ignara
879 2532 1027 2620 punisset.

231 2639 325 2705 Nunc
341 2662 391 2704 me
405 2639 516 2704 fluctus
532 2638 637 2718 habet,
651 2650 839 2722 versantque
855 2639 885 2702 in
900 2636 1002 2704 littore
1017 2645 1110 2706 renti.

230 2741 326 2825 Quod
342 2755 373 2806 te
388 2761 445 2827 per
458 2740 531 2805 coeli
542 2739 714 2828 jucundum
730 2739 844 2818 lumen,
860 2752 892 2804 et
906 2759 1009 2822 auras,

231 2844 295 2909 Per
308 2847 490 2930 genitorem,
505 2863 572 2920 oro,
586 2863 644 2928 per
658 2863 730 2927 spes
746 2843 900 2927 surgentis
915 2840 983 2922 liili,

229 2947 331 3032 Eripe
346 2969 396 3010 me
412 2947 470 3026 his,
484 2947 611 3024 invicte,
626 2944 734 3009 malis:
758 2957 810 3008 aut
825 2957 857 3008 tu
872 2944 949 3008 milti
964 2958 1081 3012 terram

231 3050 341 3137 lnjice,
356 3071 490 3134 namque
504 3061 604 3134 potes,
619 3061 788 3134 portusque
802 3052 929 3133 require
945 3049 1093 3116 Velinus:

230 3157 296 3218 Aut
312 3166 353 3232 tu,
368 3157 394 3218 si
410 3173 472 3238 qua
488 3156 538 3217 via
553 3169 610 3232 est,
625 3156 651 3216 si
667 3173 761 3238 quam
775 3152 832 3216 tibi
847 3152 921 3217 diva
935 3159 1075 3222 creatrix

230 3255 378 3322 Ostendit
393 3256 509 3342 (neque
525 3259 617 3336 enim,
632 3256 739 3337 credo,
753 3259 821 3321 sine
836 3257 960 3322 numine
975 3255 1084 3323 divim

230 3359 379 3424 flumina
394 3373 480 3424 tanta
494 3379 588 3445 paras
604 3361 808 3446 Stygiamque
823 3362 933 3424 innare
947 3361 1122 3446 paludem),

227 3461 287 3526 Da
302 3459 447 3526 dextram
462 3463 586 3541 misero,
601 3473 632 3526 et
648 3475 750 3526 tecum
764 3483 815 3526 me
829 3462 903 3527 tolle
918 3483 976 3548 per
989 3463 1100 3543 undas,

230 3563 370 3630 Sedibus
386 3577 418 3628 ut
432 3564 541 3630 saltem
557 3563 691 3652 placidis
707 3569 739 3629 in
753 3579 852 3630 morte
867 3569 1039 3650 quiescam.

228 3665 327 3732 Talia
341 3668 421 3732 satus
436 3683 514 3748 eret,
528 3672 626 3754 coepit
641 3689 735 3755 quum
750 3669 826 3734 talia
840 3681 947 3734 rates:

228 3769 326 3835 Unde
342 3769 419 3851 bac,
433 3793 454 3836 o
470 3771 626 3852 Palinure,
641 3773 699 3836 tibi
714 3785 777 3837 tarn
791 3772 863 3837 dira
878 3770 1018 3858 cupidol

226 3872 283 3937 Tu
299 3873 424 3959 Stygias
438 3875 615 3940 inhumatus
631 3895 730 3960 aquas
745 3895 930 3960 amnemque
945 3897 1089 3942 severum

226 3974 439 4041 Eumenidum
455 3977 619 4062 adspicies,
634 3981 778 4063 ripamve
794 3979 927 4064 injussus
942 3977 1068 4044 adibis?

225 4077 351 4144 Desine
365 4079 430 4144 sata
444 4079 539 4145 detlm
554 4081 639 4144 flecti
654 4101 783 4167 sperare
802 4078 974 4166 precando.

226 4179 296 4248 Sed
310 4201 390 4268 cape
404 4183 491 4250 dicta
505 4203 634 4266 memor,
648 4183 718 4250 duri
734 4182 847 4250 solatia
861 4183 973 4254 caster

1218 518 1275 578 227
