2956 5132
74 479 81 492 ⁸
136 602 138 608 ,
188 536 227 594 ec
579 525 869 598 aronnacouun

233 686 344 752 Affixa
360 688 455 764 venis,
472 687 648 773 anirnasque
660 691 691 753 in
705 679 832 754 volnere
848 705 973 776 penum.

281 795 335 859 Sin
352 793 458 858 duram
475 807 593 858 metues
607 796 753 873 hiemem,
770 811 940 882 parcesque
955 792 1066 878 futuro,

234 899 451 987 contususque
467 903 584 965 animos
599 916 630 965 ct
645 923 696 968 res
709 906 897 969 miserabere
912 905 1045 985 [πηοτιυς

237 1005 280 1070 At
294 1007 397 1070 suffire
412 1008 528 1090 thymo,
544 1025 692 1093 cerasque
706 1011 849 1074 recidere
864 1012 979 1090 inanes,

237 1112 317 1188 Quis
332 1113 473 1178 dubitet?
496 1133 567 1178 narn
583 1115 669 1200 sepe,
680 1115 766 1181 ieros
781 1119 899 1202 ignotus
915 1120 1020 1184 adedit
1093 1145 1096 1151 ·

239 1220 357 1298 Stellio,
374 1235 405 1284 et
420 1219 559 1304 lucifugis
575 1236 721 1304 congesta
736 1224 847 1288 cubilia
864 1223 973 1302 blattis,

237 1326 445 1412 immunisque
461 1329 573 1393 sedens
589 1329 687 1393 aliena
700 1331 738 1392 ad
755 1331 865 1416 pabula
881 1329 981 1408 sucus,

238 1431 302 1497 Aut
318 1454 407 1518 asper
423 1433 531 1498 crabro
546 1435 711 1518 imparibus
727 1419 767 1498 se'
777 1433 945 1498 immiscui
956 1437 1058 1512 aruris,

239 1540 303 1603 Aut
318 1539 417 1604 dirum
433 1541 519 1604 tinea
536 1558 641 1623 genus,
659 1555 711 1604 aut
725 1543 819 1604 havisa
835 1536 980 1604 Minerva

239 1645 345 1711 Laxos
360 1641 390 1708 in
406 1643 520 1709 iniibus
536 1645 693 1730 suspendit
707 1663 818 1710 aranea
833 1665 947 1710 casses.

238 1753 312 1829 Quo
328 1750 424 1837 magis
439 1748 594 1816 &hausta
610 1750 730 1828 fuerint,
747 1751 806 1815 boc
828 1749 928 1816 acribo
943 1768 1050 1818 ornnes

237 1858 419 1922 Incumbent
435 1854 554 1940 generis
570 1855 645 1941 lapsi
662 1857 774 1920 sarcire
789 1853 901 1934 ruinas,

239 1962 507 2052 complebuntque
524 1963 616 2041 loros,
633 1979 664 2028 at
675 1961 798 2028 donibus
813 1965 922 2028 horca
937 1973 1053 2026 texant.

226 2061 234 2090 ¹
283 2071 316 2134 Si
333 2065 417 2148 verb,
434 2067 577 2154 quoniam
593 2091 684 2135 casus
699 2071 805 2155 apibus
821 2087 941 2154 quoque
959 2081 1076 2132 nostros

235 2173 307 2239 Vita
322 2175 398 2252 tulit,
414 2173 489 2238 tristi
504 2173 690 2258 languebunt
705 2193 834 2260 corpora
848 2175 965 2251 morbo,

237 2277 333 2356 Quod
345 2281 486 2369 jamnon
504 2283 602 2346 dubiis
619 2281 732 2366 poteris
748 2299 935 2365 cognoscere
952 2277 1067 2364 signis:

237 2367 1054 2470 Qmmwwmmmm

208 2473 211 2480 ¹
234 2487 399 2557 Deformat
414 2491 528 2554 macies
541 2515 550 2572 ς
574 2505 637 2554 tum
651 2511 782 2575 corpora
797 2493 867 2555 luce
883 2489 1040 2556 careatirru

235 2595 409 2682 Expertant
422 2597 522 2673 tectis,
540 2611 570 2658 et
586 2596 681 2660 tristia
696 2597 802 2662 lunera
818 2599 956 2676 ducunt;

235 2701 300 2764 Aut
315 2699 370 2764 ille
386 2699 516 2785 pedibus
531 2719 678 2765 connexae
694 2702 732 2766 ad
749 2703 852 2766 limina
867 2703 1026 2786 pendcot3

234 2808 300 2872 Aut
314 2809 392 2871 intus
408 2807 519 2871 clausis
531 2819 709 2871 cunctantur
724 2807 753 2870 in
771 2807 884 2870 adibus
898 2825 1016 2885 omnes,

234 2915 417 2999 lgnavaeque
435 2912 527 2994 lame,
545 2929 575 2978 et
591 2927 747 2979 contracto
763 2913 874 2998 frigore
890 2915 1004 2998 pigrae3

232 3019 319 3085 Tum
335 3043 425 3084 sonus
442 3021 560 3085 additur
577 3021 706 3104 gravior,
722 3021 902 3103 tractimque
919 3035 1096 3084 susurrante

234 3125 377 3211 Frigidus
393 3141 425 3190 ut
442 3123 594 3212 quondam
610 3125 690 3191 silvis
705 3128 916 3192 immurmurat
931 3139 1042 3206 auster,

234 3232 280 3298 Ut
294 3255 379 3300 mare
396 3235 557 3306 sollicitum
573 3233 670 3297 stridit
685 3231 882 3298 refluentibus
897 3231 996 3310 undis,

236 3342 359 3408 AEstuat
371 3355 404 3405 ut
419 3341 530 3406 clausis
545 3341 668 3426 rapidus
684 3339 856 3404 fornacibus
871 3339 958 3424 ignis.

237 3443 302 3516 Hie
313 3449 379 3535 jem
395 3447 559 3532 galbaneos
576 3447 712 3510 suadebo
728 3445 893 3510 incendere
909 3447 1031 3523 odores,

235 3551 393 3639 Mellaque
410 3553 582 3618 arundineis
598 3551 708 3616 inferre
724 3551 890 3632 canalibus,
902 3551 980 3617 ultro

237 3656 431 3738 florentem,
448 3673 479 3722 et
494 3655 590 3723 iessas
607 3659 644 3722 ad
662 3655 773 3744 pabula
788 3673 859 3722 nota
874 3673 1045 3723 uocantem.

237 3761 380 3828 Proderit
395 3779 426 3828 et
441 3779 561 3828 tunsum
578 3765 662 3848 gallae
679 3763 850 3829 admiscere
866 3782 1018 3848 saporem,

238 3868 431 3954 Arentesque
447 3889 542 3946 rosas,
559 3882 610 3932 eut
625 3867 685 3952 igni
701 3869 823 3954 pinguia
839 3867 934 3931 multo

240 3971 384 4053 Defruta‚
400 3976 448 4039 vel
464 3973 585 4061 psytbib
600 3993 705 4062 passos
722 3976 760 4038 de
776 3975 836 4039 vite
852 3993 1003 4051 racemos,

18 4155 20 4170 ι
235 4077 485 4164 Cecropiumque
501 4081 651 4165 thymum,
668 4095 699 4144 et
714 4079 804 4165 grave
820 4077 933 4143 olentia
948 4091 1125 4145 centaurea.

18 4173 20 4266 l
238 4183 296 4249 Est
312 4185 403 4250 etiam
419 4184 475 4250 llos
491 4189 520 4251 in
537 4189 639 4273 pratis,
656 4189 705 4252 cui
721 4203 832 4251 nornen
848 4183 959 4250 amelio

238 4288 360 4358 Fecdre
377 4289 527 4374 agricole,
543 4289 641 4358 facilis
658 4289 859 4376 querentibus
874 4289 992 4372 berba3
