2978 5124
489 484 494 498 ’
636 527 751 588 umas
770 527 831 586 vu.

234 689 304 752 Jam
316 685 439 772 pridem
453 682 572 750 resides
586 683 716 769 populos
730 683 920 767 desuetaque
934 681 1019 747 bello

236 794 365 878 Agmina
380 790 410 853 in
426 809 513 854 arma
528 800 620 852 vocat
634 787 745 866 subito,
760 788 936 872 ferrumque
950 797 1111 851 retractat.

236 893 282 958 Hi
298 893 506 958 Fescenninas
521 891 614 970 acies,
628 887 811 975 AEquosque
833 889 990 968 Faliscos3
1202 891 1267 952 695

236 999 283 1062 Hi
298 1000 434 1062 Soractis
450 995 566 1061 hebent
580 1016 680 1074 arces,
695 993 897 1077 Flaviniaque
912 1015 998 1072 arva,

236 1101 275 1164 Et
289 1101 404 1165 Cimini
418 1121 490 1164 cum
504 1111 607 1163 monte
622 1098 733 1177 lacum,
748 1096 896 1182 lucosque
911 1095 1068 1182 Capenos.

235 1203 324 1268 lbant
338 1202 455 1287 aequati
468 1222 606 1279 numero,
621 1221 787 1286 regemque
802 1199 976 1264 canebant:

235 1305 302 1368 Ceu
318 1303 475 1389 quondam
489 1304 573 1368 nivei
587 1302 705 1386 liquida
720 1302 799 1365 inter
814 1300 918 1365 nubila
933 1304 1037 1386 cycni,

192 1410 200 1436 ¹
233 1408 335 1490 Quum
351 1427 419 1472 sese
436 1429 453 1470 e
468 1419 557 1491 pastu
572 1406 719 1480 referunt,
734 1417 764 1468 et
778 1403 870 1489 longa
884 1423 1015 1468 canoros
1204 1409 1266 1472 700

234 1509 319 1574 Dant
334 1531 392 1596 per
405 1509 487 1573 colla
501 1507 631 1588 modos3
652 1519 740 1571 sonat
755 1507 862 1586 amnis,
877 1518 909 1570 et
921 1506 998 1572 Asia
1012 1503 1102 1592 longo

237 1612 327 1676 Pulsa
341 1611 442 1697 palus

234 1714 300 1778 Nec
318 1717 481 1799 quisquam
496 1728 609 1780 aeratas
624 1717 708 1780 acies
724 1736 764 1778 ex
780 1717 902 1800 agmine
917 1695 1002 1778 tassto

234 1815 360 1880 Misceri
374 1828 480 1901 putet3
503 1821 622 1881 aemam
637 1815 693 1880 sed
708 1817 825 1903 gurgite
841 1817 882 1880 ab
898 1815 960 1880 alto

235 1917 349 2005 Urgeri
364 1919 524 1984 volucrum
539 1941 706 1984 raucarum
722 1919 763 1983 ad
779 1919 883 1982 littora
897 1919 1022 1982 nubem.
1205 1921 1266 1978 705

275 2022 362 2085 Ecce
379 2023 567 2086 Sabinorum
581 2023 684 2107 prisco
700 2021 740 2084 de
754 2022 901 2107 sanguine
913 2041 1056 2107 magnum

233 2129 353 2212 Agmen
369 2147 465 2210 agens
480 2125 624 2204 Clausus,
639 2128 805 2210 magnique
821 2125 886 2209 ipse
902 2126 1033 2209 agminis
1046 2124 1159 2203 instar,

233 2225 369 2291 Claudia
384 2249 464 2290 nunc
480 2249 498 2290 a
514 2248 575 2312 quo
590 2225 771 2290 diffunditur
785 2237 815 2289 et
829 2225 929 2288 tribus
944 2238 975 2288 et
988 2245 1063 2310 gens

234 2325 295 2391 Per
310 2328 444 2405 Latium,
458 2340 622 2413 postquam
637 2328 669 2390 in
683 2339 804 2412 partem
819 2325 893 2390 data
910 2324 1161 2390 Roma-Sabinis.

233 2428 306 2494 Unel
327 2434 435 2517 ingens
450 2433 612 2495 Amiterna
626 2431 749 2510 cohors,
763 2431 917 2514 priscique
931 2429 1077 2512 Quirites,
1206 2435 1268 2496 710

233 2531 321 2596 Ereti
337 2553 445 2597 manus
459 2534 567 2612 omnis,
581 2531 795 2616 oliviferaeque
811 2533 982 2612 Mutuscae3

233 2633 295 2716 Qui
311 2635 497 2700 Nomentum
512 2636 633 2714 urbem,
647 2638 701 2719 qui
715 2657 806 2699 rosea
821 2657 894 2700 rura
911 2635 1027 2716 Velini,

232 2740 296 2821 Qui
310 2739 447 2803 Tetricae
463 2738 625 2803 horrentes
640 2761 743 2824 rupee,
758 2753 953 2823 montemque
969 2741 1127 2822 Severum,

233 2841 482 2925 Casperiamque
496 2839 611 2920 colunt,
626 2841 827 2926 Forulosque,
842 2855 872 2905 et
887 2843 999 2908 flumen
1016 2842 1183 2925 Himellae3

231 2944 295 3025 Qui
311 2943 448 3028 Tybrim
463 2944 673 3032 Fabarimque
689 2943 816 3022 bibunt3
838 2966 915 3029 quos
930 2945 1042 3032 frigida
1057 2948 1138 3012 misit
1205 2952 1266 3012 715

233 3045 360 3124 Nursia,
375 3058 406 3108 et
422 3045 563 3108 Hortinae
577 3043 703 3124 classes,
718 3044 886 3131 populique
901 3047 1021 3127 Latini3

233 3145 384 3232 Quosque
400 3167 510 3211 secans
526 3147 691 3210 infaustum
706 3147 841 3212 interluit
855 3149 937 3214 Allia
953 3172 1084 3216 nomen:

233 3249 337 3332 Quam
353 3248 439 3314 multi
454 3249 579 3336 Libyco
593 3248 758 3314 volvuntur
772 3271 924 3316 marmore
939 3253 1058 3334 fluctus,

235 3351 343 3416 saevus
358 3351 413 3416 ubi
428 3351 525 3416 Orion
541 3352 678 3416 hibernis
694 3353 838 3417 conditur
852 3353 962 3434 undis;
1083 3347 1086 3354 ¹

233 3453 296 3521 Vel
312 3455 405 3538 quam
419 3453 485 3518 sole
500 3475 580 3518 novo
595 3453 699 3518 densae
714 3467 870 3520 torrentur
884 3457 997 3536 aristes,
1207 3463 1268 3524 770

233 3559 296 3622 Aut
311 3557 427 3621 Hermi
442 3577 563 3642 campo,
578 3570 630 3620 aut
645 3557 756 3642 Lyciae
771 3557 953 3622 flaventibus
968 3560 1062 3623 arvis.

233 3659 327 3723 Scuta
341 3671 462 3736 sonant,
476 3656 628 3742 pulsuque
641 3656 757 3743 pedum
771 3662 939 3723 conterrita
955 3657 1055 3723 tellus.

275 3762 363 3825 Hinc
380 3761 649 3847 Agamemnonius,
665 3760 795 3848 Trojani
810 3765 941 3826 nominis
957 3761 1064 3843 hostis,

234 3859 337 3926 Curru
348 3863 450 3950 jungit
466 3860 603 3926 Halesus
619 3883 725 3946 equos,
740 3862 910 3946 Turnoque
925 3861 1045 3929 seroces

233 3961 322 4027 Mille
337 3965 420 4049 rapit
436 3963 586 4049 populos:
608 3975 731 4028 vertunt
746 3961 850 4026 lelicia
866 3961 996 4028 Baccho
1207 3975 1267 4040 ⁷25

235 4063 373 4129 Massica
388 4067 442 4150 qui
457 4067 575 4144 rastris,
591 4077 622 4129 et
637 4085 714 4150 quos
730 4063 770 4128 de
784 4063 918 4128 collibus
933 4065 1003 4132 altis

236 4167 375 4236 Aurunci
390 4165 504 4239 matre
519 4180 635 4254 patres,
650 4165 850 4254 Sidicinaque
861 4168 951 4254 juxta
