2956 5132
695 503 811 566 mult
829 504 865 566 ll.

282 661 425 741 Pulvere,
438 675 557 746 perque
570 654 670 744 pedes
684 657 831 744 trajectus
845 655 914 722 lora
927 667 1089 724 tumentes.

280 770 348 836 Hei
362 765 445 850 mibi,
459 763 560 850 qualis
574 755 661 828 erat!
684 758 832 846 quantum
847 773 981 826 mutatus
996 763 1038 826 ab
1053 760 1106 826 illo

281 873 423 938 Hectore
438 869 490 953 qui
505 866 589 932 redit
603 865 732 930 exuvias
747 863 870 928 indutus
881 863 1008 944 achilli,

288 974 351 1042 Vel
366 972 512 1038 Danaum
528 969 681 1056 Phrygios
691 967 848 1056 jaculatus
862 968 1017 1054 puppibus
1032 968 1134 1054 ignes!

283 1079 481 1165 squalentem
496 1074 639 1154 barbam,
648 1087 685 1138 et
698 1083 862 1138 concretos
877 1073 1023 1158 sanguine
1037 1071 1150 1154 crines,
1236 1151 1239 1158 Ι

282 1185 488 1266 Vulneraque
503 1179 558 1244 illa
571 1199 682 1266 gerens
697 1197 766 1260 ques
782 1175 900 1240 circum
914 1175 1046 1260 plurima
1061 1197 1164 1242 muros

281 1293 415 1376 Accepit
428 1287 558 1375 patrios.
581 1284 672 1348 Ultro
687 1283 763 1347 flens
777 1283 844 1368 ipse
859 1279 990 1346 videbar

281 1393 484 1480 Compellare
499 1391 608 1468 virum,
622 1400 653 1452 et
668 1399 793 1452 moestas
808 1407 992 1472 expromere
1008 1408 1119 1453 vocest

284 1497 380 1562 Olux
395 1492 586 1559 Dardaniae!
609 1512 715 1576 spese
730 1488 878 1554 fidissima
890 1489 1065 1554 Teucrtim!

282 1599 360 1681 Qum
375 1611 467 1662 tanta
482 1593 613 1662 tenuare
626 1597 743 1659 morael
765 1591 877 1676 quibus
892 1593 1015 1658 Hector
1028 1592 1069 1656 ab
1084 1592 1145 1658 oris

233 1689 243 1698 ’
282 1701 472 1786 Exspectate
486 1698 597 1763 veniel
619 1709 653 1760 ut
668 1709 697 1760 te
712 1708 783 1781 post
796 1694 892 1760 multa
907 1707 1028 1760 tuorum

284 1801 417 1882 Funera,
430 1813 499 1888 post
514 1799 620 1864 varios
635 1797 853 1880 hominumque
868 1797 1016 1881 urbisque
1031 1796 1164 1880 labores,

281 1903 408 1970 Defessi
421 1903 627 1990 adspicimus!
650 1921 719 1984 quse
733 1920 830 1965 causa
844 1897 969 1986 indigna
982 1923 1109 1966 serenos

282 2007 427 2075 Foedavit
440 2006 566 2072 vultusl
587 2017 641 2070 aut
655 2025 712 2070 cur
727 2003 796 2068 haec
807 2002 936 2068 vulnera
949 2009 1067 2072 cerno?

281 2113 340 2178 Ille
355 2111 452 2191 nibil3
473 2131 531 2176 nec
546 2130 596 2174 me
608 2120 797 2193 querentem
812 2127 894 2172 vana
908 2119 1065 2186 moretur3

283 2214 359 2296 Sed,
373 2215 510 2302 graviter
523 2216 655 2300 gemitus
670 2215 733 2277 imo
747 2210 787 2276 de
801 2225 930 2297 pectore
944 2207 1071 2290 ducens,

282 2319 380 2386 Heu!
404 2319 486 2403 luge,
499 2330 568 2382 nate
583 2316 655 2396 dea,
669 2329 762 2400 teque
778 2315 835 2396 bis,
851 2315 903 2396 ait,
917 2315 1002 2400 eripe
1018 2314 1165 2380 flammis:

281 2421 400 2486 Hostis
414 2419 509 2483 babet
523 2441 643 2500 muros;
664 2420 726 2482 ruit
739 2417 802 2483 alto
817 2439 835 2482 a
850 2415 983 2482 culmine
998 2417 1106 2505 Troja.

285 2524 349 2590 Sat
362 2522 471 2608 patria
486 2522 669 2607 Priamoque
684 2521 801 2588 datum.
826 2522 859 2586 Si
874 2521 1025 2609 Pergama
1039 2521 1151 2588 dextra

281 2625 423 2693 Desendi
435 2640 570 2712 possent,
584 2628 679 2692 etiam
694 2626 754 2691 hbc
768 2625 898 2692 defensa
913 2627 1052 2692 fuissent.

286 2731 387 2795 Sacra
401 2749 533 2814 suosque
546 2731 605 2795 tibi
620 2730 819 2797 commendat
833 2730 931 2816 Troja
947 2731 1097 2797 Penates:

283 2833 358 2900 Hos
371 2855 451 2920 cape
465 2833 599 2900 latorum
613 2835 762 2914 comites3
785 2833 832 2900 his
846 2834 959 2899 moenia
973 2855 1088 2918 quaere,

284 2937 403 3024 Magna
417 2951 580 3024 pererrato
593 2951 710 3004 statues
724 2959 793 3024 quse
808 2937 941 3021 denique
956 2951 1061 3024 ponto.

287 3041 342 3106 Sic
357 3041 417 3120 ait3
438 3054 470 3108 et
483 3042 627 3108 manibus
641 3043 743 3124 vittas,
758 3041 952 3126 Vestamque
966 3051 1133 3128 potentem,

285 3141 509 3228 Alternumque
523 3141 629 3230 adytis
643 3143 733 3218 effert
746 3141 958 3230 penetralibus
973 3143 1085 3230 ignem.

328 3243 464 3310 Diverso
478 3246 597 3310 interea
612 3247 779 3312 miscentur
795 3246 908 3312 moenia
922 3246 1023 3328 luctu3

284 3345 327 3413 Et
339 3349 438 3434 magis
452 3359 545 3431 atque
565 3351 673 3436 magis,
688 3369 865 3434 quanquam
879 3363 1000 3415 secreta
1014 3352 1151 3434 parentis

283 3448 433 3516 Anchisae
449 3449 568 3532 domus,
582 3451 809 3538 arboribusque
822 3453 948 3518 obtecta
962 3453 1100 3534 recessit,

286 3551 474 3619 Clarescunt
488 3555 613 3635 sonitus,
624 3576 841 3642 armorumque
855 3555 966 3642 ingruit
980 3553 1101 3620 horror.

288 3653 442 3721 Excutior
456 3675 572 3737 somno,
586 3670 618 3722 et
632 3658 741 3723 summi
755 3659 876 3746 fastigia
891 3658 964 3723 tecti

287 3759 427 3824 Ascensu
442 3779 565 3844 supero,
577 3773 671 3846 atque
686 3763 815 3826 arrectis
829 3761 956 3826 auribus
970 3759 1060 3824 adsto
1072 3783 1080 3826 ε

289 3857 325 3922 ln
339 3873 475 3946 segetem
490 3859 585 3926 veluti
599 3883 693 3948 quum
707 3862 830 3930 flamma
843 3862 1015 3928 fruentibus
1028 3863 1148 3932 Austris

285 3959 409 4040 incidit,
422 3974 477 4026 aut
490 3961 617 4048 rapidus
631 3979 776 4030 montano
792 3965 914 4030 flumine
930 3979 1050 4030 torrens

286 4062 404 4128 Sternit
418 4085 519 4149 agos,
532 4068 640 4132 sternit
654 4081 721 4134 sata
735 4056 817 4147 lata,
832 4067 987 4153 boumque
1003 4068 1137 4156 labores,

286 4163 533 4252 Praecipitesque
546 4168 640 4236 trahit
654 4169 766 4251 silvas3
787 4183 889 4255 stupet
903 4169 1015 4238 inscius
1029 4174 1091 4240 alto
