2936 5122
157 458 215 516 384
580 452 781 521 AENEIDOS

200 611 377 697 Vestigavit
393 631 478 698 apes,
491 610 637 697 fumoque
653 611 793 698 implevit
807 633 935 694 amaro;

200 713 265 778 lttae
281 717 362 778 intus
377 712 505 800 trepidae
521 735 624 778 rerum
639 736 696 800 per
710 735 805 780 cerea
819 729 922 779 castra

199 813 396 898 Discurrunt,
411 817 591 904 magnisque
606 830 719 882 acuunt
733 817 917 882 stridoribus
931 821 1011 882 iras:

200 919 347 984 Volvitur
363 933 430 983 ater
444 918 522 982 odor
538 918 635 1000 tectis,
650 931 713 982 tum
728 941 885 984 murmure
899 939 985 984 caeco

200 1023 285 1087 Intus
299 1043 376 1086 saxa
392 1035 520 1100 sonant3
543 1041 657 1084 vacuas
673 1019 695 1083 it
708 1021 809 1086 t'umus
825 1021 865 1086 ad
880 1043 983 1086 auras.

243 1121 368 1188 Accidit
383 1123 451 1186 baec
466 1122 554 1186 sessis
570 1123 663 1186 etiam
677 1123 801 1188 fortuna
815 1123 946 1205 Latinis,

197 1226 278 1309 Quae
294 1236 389 1290 totam
404 1223 487 1288 luctu
502 1223 657 1289 concussit
671 1223 807 1288 funditus
823 1225 944 1288 urbem.

199 1327 321 1412 Regina
336 1338 369 1390 ut
383 1326 472 1389 tectis
488 1327 661 1389 venientem
676 1325 824 1410 prospicit
839 1325 969 1404 bostem,

199 1433 317 1496 incessi
332 1451 446 1509 muros,
460 1433 546 1516 ignes
561 1429 602 1493 ad
619 1443 699 1494 tecta
714 1430 841 1511 volare3

198 1532 360 1617 Nusquam
374 1532 457 1596 acies
472 1531 579 1596 contri
595 1530 735 1612 Rutulas,
750 1530 836 1596 nulla
850 1533 974 1617 agmina
988 1531 1103 1597 Turniz

198 1636 310 1700 infelix
325 1657 434 1722 pugnae
445 1635 591 1722 juvenem
606 1638 637 1698 in
653 1635 822 1700 certamine
836 1634 936 1700 credit

198 1739 413 1818 Exstinctum3
435 1751 475 1818 et,
489 1737 591 1801 subito
606 1751 739 1804 mentem
754 1739 876 1803 turbata
891 1737 1011 1821 dolore,

111 1867 115 1884 1
197 1839 239 1904 Se
254 1859 381 1905 causam
396 1835 510 1902 clamat
524 1837 703 1924 crimenque
718 1851 873 1924 caputque
888 1838 1058 1920 malorum3
1153 1899 1158 1906 .

198 1943 360 2028 Multaque
375 1964 432 2027 per
446 1955 587 2006 moestum
602 1940 731 2006 demens
747 1941 839 2007 effata
853 1946 1000 2025 furorem,

198 2048 380 2132 Purpureos
388 2045 538 2108 moritura
553 2065 645 2108 manu
659 2045 803 2110 discindit
818 2047 956 2128 amictus,

197 2153 239 2216 Et
253 2151 366 2216 nodum
381 2149 519 2213 informis
535 2147 588 2212 leti
603 2150 692 2214 trabe
707 2151 801 2217 nectit
816 2149 858 2215 ab
873 2151 946 2216 atta.

196 2255 299 2337 Quam
313 2249 437 2324 cladem
453 2253 572 2316 miseras
588 2263 752 2337 postquam
767 2239 921 2338 accepire
935 2251 1067 2334 Launae,

197 2357 279 2422 Filia
293 2356 393 2443 prima
407 2377 501 2420 manu
516 2354 613 2418 llavos
627 2354 760 2418 Lavinia
775 2355 877 2420 crines

196 2463 237 2528 Et
251 2481 358 2526 roseas
373 2456 490 2523 laniata
505 2477 601 2542 genas
616 2481 625 2534 3
646 2470 711 2520 tum
726 2471 840 2522 caetera
856 2456 974 2522 circum

196 2565 308 2629 Turba
322 2561 412 2628 furit:
434 2571 581 2622 resonant
595 2555 658 2620 late
674 2557 875 2644 plangoribus
889 2558 985 2624 redes.

197 2669 284 2734 Hinc
300 2679 394 2730 totam
410 2660 518 2727 infelix
531 2659 675 2747 vulgatur
690 2661 772 2726 sama
786 2683 843 2746 per
857 2661 977 2725 urbem.

196 2771 370 2838 Demittunt
385 2780 519 2832 mentes:
542 2767 566 2828 it
580 2762 677 2828 scissi
692 2777 776 2828 veste
793 2763 931 2842 Latinus,

197 2872 346 2960 Conjugis
361 2872 505 2934 attonitus
521 2868 593 2932 satis
608 2867 755 2952 urbisque
770 2867 870 2948 ruini,

197 2976 353 3039 Canitiem
369 2968 526 3035 immundo
541 2968 696 3055 perfusam
712 2968 840 3055 pulvere
856 2983 1002 3054 turpans3

196 3074 375 3160 [Multaque
391 3093 424 3136 se
438 3074 560 3134 incusat
576 3073 628 3155 qui
643 3092 705 3135 non
720 3074 879 3156 acceperit
894 3071 965 3134 anti

196 3177 391 3244 Dardanium
408 3173 536 3253 AEnean,
550 3193 759 3260 generumque
776 3171 944 3236 adsciverit
958 3173 1066 3260 ultro]

240 3286 362 3350 Interea
378 3293 517 3345 extremo
531 3276 665 3343 bellator
681 3281 711 3342 in
726 3299 853 3364 aequore
868 3278 992 3343 Turnus

197 3386 343 3454 Palantes
358 3385 496 3470 sequitur
510 3403 637 3468 paucos,
647 3382 714 3468 jam
729 3383 861 3469 segnior,
877 3395 970 3468 atque
998 3369 1001 3376 ’

195 3494 267 3556 Jam
283 3485 382 3554 minius
397 3501 491 3570 atque
506 3483 605 3549 mimis
619 3505 765 3550 successu
780 3485 867 3550 laetus
882 3508 1043 3570 equorum.

195 3593 304 3661 Attulit
318 3591 399 3656 bunc
415 3588 461 3654 illi
476 3589 568 3652 eaecis
583 3589 753 3654 terroribus
768 3611 843 3655 aura

195 3695 405 3766 Commixtum
419 3692 599 3770 clamorem,
613 3706 812 3778 arrectasque
824 3693 944 3780 impulit
958 3717 1048 3761 aures

195 3799 341 3864 Coniusae
357 3817 449 3860 sonus
464 3794 560 3873 urbis,
575 3807 606 3858 et
620 3793 777 3858 illaetabile
792 3817 941 3861 murmur.

195 3902 261 3968 Hei
275 3899 370 3964 mihi!
393 3897 469 3984 quid
484 3909 569 3962 tanto
584 3897 746 3962 turbantur
760 3899 874 3962 moenia
889 3899 994 3965 luctui

195 4003 311 4086 Quisve
326 4001 387 4063 ruit
402 4010 503 4063 tantus
519 3996 643 4062 diversi
655 3999 773 4064 clamor
787 3999 828 4062 ab
843 3999 942 4064 urbei

196 4106 248 4171 Sic
263 4104 315 4184 ait,
330 4099 534 4185 adductisque
549 4121 655 4166 amens
670 4101 807 4168 subsistit
822 4101 963 4168 habenis.
