2992 5102
664 503 779 566 LIBER
800 507 821 564 l.

243 659 422 728 Hunorum
438 679 495 724 rex
511 654 679 738 Eridanus,
695 681 883 746 camposque
899 682 955 747 per
970 681 1077 728 omnes

243 765 327 831 Cum
343 766 466 832 stabulis
482 782 622 831 armenta
638 767 724 847 tulit3
747 787 805 830 nee
822 782 959 853 ternpore
976 770 1087 836 endem

244 869 397 937 Tristibus
412 886 465 934 aut
480 871 562 935 extis
578 871 659 935 libre
677 893 824 958 apparere
837 873 984 952 minaces,

247 979 311 1043 Ant
324 978 421 1064 puteis
437 997 563 1040 manare
578 998 668 1041 cruor
680 977 820 1053 cessavit,
837 991 867 1041 et
883 977 949 1041 alte

246 1080 311 1147 Per
324 1096 446 1147 noctem
462 1101 607 1144 resonare
620 1081 698 1166 lupis
714 1081 896 1156 ululantibus
912 1081 1002 1146 urbes
1015 1103 1026 1160 ;

248 1191 318 1256 Non
334 1189 408 1256 alias
423 1190 506 1255 coelo
521 1190 700 1254 ceciderunt
716 1191 801 1276 plura
817 1213 927 1256 sereno
1050 1230 1053 1240 ι

246 1293 391 1382 Fulgura,
406 1315 467 1358 nec
483 1295 539 1358 diri
555 1297 644 1359 toties
659 1293 761 1360 arstire
778 1311 917 1360 comete.

288 1405 375 1490 Ergo
389 1407 467 1470 iuter
482 1425 551 1468 sese
568 1405 690 1489 paribus
702 1426 885 1470 concurrere
902 1405 971 1469 telis

246 1509 403 1576 Romanas
414 1510 498 1575 acies
514 1509 625 1572 iterum
641 1506 745 1573 videre
762 1505 894 1596 Philippi
908 1533 919 1591 ;

245 1613 317 1679 Nec
334 1615 388 1679 luit
402 1615 557 1698 indignum
574 1615 694 1698 superis
709 1614 755 1677 bis
770 1617 916 1700 sanguine
932 1627 1035 1680 nostru

245 1719 421 1784 Emathiam
436 1735 466 1784 et
480 1721 556 1784 latos
573 1716 676 1783 Haemi
693 1719 892 1804 pinguescere
909 1742 1047 1806 campos.

243 1825 375 1892 Scilicet
389 1841 420 1890 et
434 1840 552 1910 tempus
569 1813 681 1902 veniet,
696 1847 789 1910 quum
800 1826 909 1890 finibus
923 1827 981 1892 illis

241 1932 400 2018 Agricola,
415 1933 539 1997 incurvo
555 1947 668 1998 terram
685 1933 805 1998 molitus
821 1949 932 2012 mano,
1002 2015 1005 2021 Ι

240 2035 349 2104 Exesa
364 2039 496 2102 inveniet
511 2035 621 2102 scabri
635 2039 771 2122 rubigine
787 2038 858 2126 pila,

240 2143 307 2207 Aut
321 2145 462 2229 gravibus
478 2144 581 2207 rastris
596 2143 698 2228 galeas
713 2145 844 2229 pulsabit
859 2145 975 2220 inanes,

242 2248 444 2332 Grandiaque
461 2247 578 2310 effossis
592 2247 746 2313 mirabitur
761 2269 831 2313 ossa
847 2247 1006 2332 sepulcris.

282 2353 328 2419 Di
344 2355 435 2440 patrii
450 2354 609 2439 indigetes,
625 2370 656 2419 et
670 2355 818 2434 Romule,
834 2351 992 2438 Vestaque
1009 2365 1106 2418 muter

238 2457 320 2536 Quae
337 2457 479 2522 Tuscum
491 2457 628 2522 Tiberim
645 2471 677 2524 et
692 2459 834 2524 Romana
849 2459 961 2544 palatie
977 2479 1091 2537 servas,

238 2563 335 2630 Hune
351 2563 459 2628 saltem
475 2571 583 2628 eversu
592 2565 740 2650 juvenem
756 2585 935 2628 succurrere
951 2564 1041 2628 seclo

235 2669 291 2736 Ne
307 2669 484 2756 prohibete!
509 2666 581 2734 satis
591 2669 657 2756 jana
672 2670 792 2755 pridem
808 2671 954 2754 sanguine
970 2683 1073 2736 nostro

236 2773 480 2840 Laomedonteae
495 2775 608 2839 luimus
623 2774 757 2860 perjuria
772 2771 886 2861 Trojae.

234 2879 311 2946 Jam
328 2881 446 2965 pridem
458 2880 544 2944 nobis
559 2879 630 2943 coeli
645 2893 676 2944 te
691 2881 787 2964 regia,
803 2876 920 2959 Cesar,

233 2985 371 3062 Invidet,
388 2997 477 3069 atque
493 2984 651 3049 bominum
667 2985 802 3068 queritur
817 3005 926 3048 curare
941 2983 1132 3068 triumphes:

233 3089 367 3175 Quippe
377 3091 427 3153 ubi
440 3087 485 3154 las
497 3111 618 3155 versum
632 3103 723 3175 atque
732 3088 836 3171 nesas;
851 3104 896 3153 tot
905 3089 984 3154 balla
996 3109 1051 3176 per
1060 3090 1184 3169 urbem,
1206 3091 1270 3152 sot

234 3195 323 3261 Tam
341 3195 438 3259 multa
455 3195 607 3259 scelerum
624 3194 741 3277 sacies;
763 3217 824 3260 non
840 3195 918 3259 ullus
934 3211 1032 3261 aratro

233 3300 362 3386 Dignus
377 3302 495 3383 bonos;
518 3303 657 3388 squalent
674 3304 812 3369 abductis
827 3323 898 3367 arva
913 3305 1039 3414 colpnis,

234 3405 281 3473 Et
298 3429 400 3472 curve
417 3409 545 3494 rigidum
562 3408 658 3473 falces
673 3409 841 3474 conflantur
857 3411 886 3474 in
903 3431 1031 3474 ensem:

233 3513 323 3578 Hine
340 3529 443 3577 moret
458 3511 644 3598 Euphrates,
661 3515 741 3579 illinc
758 3515 934 3592 Germania,
949 3513 1086 3578 bellum:

233 3617 368 3695 Vicina,
385 3619 480 3703 ruptis
496 3621 572 3682 inter
587 3642 621 3684 se
638 3617 765 3706 legibus,
782 3620 874 3683 urbes
1202 3622 1267 3684 stu

232 3721 334 3788 Arma
350 3721 474 3802 lerunt3
497 3725 579 3788 saevit
595 3737 658 3788 toto
674 3725 759 3790 Mars
776 3725 885 3810 impius
900 3725 997 3788 orbe:

230 3825 291 3906 Ut,
305 3849 399 3912 quum
416 3830 590 3893 carceribus
606 3853 678 3904 sese
690 3829 838 3910 effirddre,
856 3831 1007 3916 quadrige

229 3935 368 4000 Addunt
383 3935 414 3997 in
430 3936 536 4018 spatia,
553 3951 583 3998 et
599 3935 707 4002 frustra
723 3936 888 4002 retinacula
900 3936 1030 4000 tendens

230 4035 351 4106 Fertrrr
367 4039 458 4124 equis
473 4041 586 4124 auriga,
602 4064 702 4129 neque
718 4043 803 4108 audit
816 4063 923 4108 currus
938 4041 1082 4110 habenas.

592 4167 613 4223 7
