2956 5132
431 1023 1051 1122 GEORGICORUM

546 1330 686 1399 LIBER
708 1325 939 1409 QUARTUS.

244 1529 428 1596 Panaenus
445 1531 519 1596 aiirii
535 1529 636 1592 mellis
651 1527 788 1592 coelcstia
805 1526 886 1591 dona

246 1637 435 1723 Exsequar:
457 1639 536 1702 banc
547 1639 653 1711 etiarn,
669 1633 836 1709 Mecenas,
853 1633 979 1718 adspice
995 1647 1125 1719 partem.

245 1745 443 1810 Admiranda
456 1745 509 1807 tibi
523 1743 637 1807 levium
654 1741 831 1825 spectacula
847 1761 960 1819 rerum,

249 1848 527 1935 Magnanimosque
543 1850 653 1926 duces,
669 1849 823 1932 totiusque
837 1848 944 1912 ordine
960 1848 1059 1932 gentis
1195 1837 1198 1912 f

245 1955 369 2032 Mores,
385 1973 416 2020 et
430 1957 540 2033 studia,
556 1969 588 2018 et
604 1955 744 2040 populos,
760 1969 790 2017 et
806 1955 923 2038 proelia,
940 1954 1054 2020 dicam.
1263 1959 1282 2018 5
1384 1991 1387 1997 ·

248 2059 286 2124 ln
301 2063 384 2124 tenui
401 2062 487 2124 labor
501 2083 512 2140 ς
535 2076 565 2124 at
578 2061 678 2124 tenuis
695 2079 754 2122 nou
771 2059 878 2142 glorie,
894 2061 918 2122 si
936 2080 1029 2144 quem

250 2165 385 2232 Numina
402 2169 478 2229 leva
494 2165 605 2244 sinum,
620 2165 766 2249 auditque
782 2178 910 2229 vocatus
924 2163 1049 2249 Apollo.

295 2272 452 2360 Principio
467 2275 559 2340 sedes
575 2275 682 2359 apibus
697 2273 849 2358 statioque
866 2273 1010 2356 petenda,

247 2379 324 2456 Qun
340 2403 441 2466 neque
457 2383 495 2445 sit
510 2383 608 2444 uentis
623 2381 723 2446 aditus
740 2359 826 2466 (uam
842 2379 953 2465 pabula
969 2380 1051 2444 venti

245 2483 350 2550 Ferre
366 2487 491 2549 domum
508 2483 697 2571 prohibent),
713 2505 815 2570 neque
831 2505 905 2550 oves
920 2485 1060 2570 haedique
1076 2483 1189 2573 petulci
1244 2489 1286 2552 10

248 2594 394 2661 Floribus
407 2597 562 2674 insultent,
581 2611 632 2661 aut
648 2615 752 2662 errans
768 2598 880 2662 bucula
896 2619 1007 2688 campo

248 2701 396 2767 Decutiat
411 2723 524 2780 rorem,
541 2715 574 2766 et
588 2718 751 2786 surgentes
765 2717 875 2768 atterat
890 2705 1013 2770 herbae.

246 2807 360 2872 Absint
375 2823 406 2872 et
420 2808 493 2894 picti
510 2806 681 2890 squalentia
695 2821 782 2892 terga
797 2809 903 2873 lacerti

248 2914 419 3001 Pinguibus
434 2937 452 2978 a
469 2915 604 2991 stabulis,
621 2936 837 3001 meropesque,
854 2918 980 3002 aliaeque
995 2916 1146 2998 volucres,

245 3021 296 3087 Et
312 3022 449 3086 manibus
463 3019 590 3085 Procne
606 3037 713 3106 pectus
729 3024 845 3108 signata
860 3025 1016 3089 eruentis:
1245 3028 1285 3090 15

250 3127 365 3195 Omnia
381 3147 450 3192 nam
467 3127 528 3192 lati
544 3142 672 3209 vastant,
688 3131 830 3215 ipsasque
843 3131 979 3196 volantes

250 3231 318 3298 Ore
334 3231 445 3310 ferunt,
462 3233 586 3298 dulcem
602 3235 681 3298 nidis
696 3236 862 3300 immitibus
878 3257 993 3302 escam.
1054 3240 1056 3243 ’

248 3339 293 3402 At
308 3337 415 3422 liquidi
432 3335 530 3402 fontes
545 3353 576 3404 et
592 3355 697 3424 stagna
714 3341 840 3404 virentia
857 3363 963 3407 musco

248 3443 374 3520 Adsint,
390 3460 421 3509 et
436 3447 535 3510 tenuis
551 3445 670 3530 lugiens
687 3469 741 3532 per
757 3449 891 3532 gramina
908 3449 1000 3526 rivus,

249 3545 424 3633 Palmaque
440 3549 622 3614 vestibulum
639 3565 691 3614 aut
705 3552 812 3636 ingens
826 3553 958 3617 oleaster
974 3550 1147 3633 inumbret3
1241 3553 1285 3617 20
1316 3549 1319 3556 '

249 3649 308 3730 Ut,
324 3675 417 3738 quum
433 3657 531 3742 prima
547 3657 617 3720 novi
633 3657 747 3720 ducent
762 3659 905 3722 examina
920 3679 1011 3744 reges

250 3755 338 3823 Vere
354 3781 419 3837 auo,
437 3761 583 3846 ludetque
599 3760 675 3827 lacis
690 3763 802 3828 emissa
812 3764 967 3850 juventus,

249 3860 363 3929 Vicina
377 3867 483 3931 invitet
498 3867 653 3932 decedere
669 3870 735 3954 ripa
750 3870 855 3946 calori,

249 3967 413 4056 Obviaque
429 3974 566 4059 hospitiis
580 3987 682 4039 teneat
698 3975 908 4041 frondentibus
921 3975 1022 4042 arbos.

102 4153 107 4162 ,
245 4077 286 4144 In
302 4079 450 4157 medium,
466 4099 520 4144 seu
536 4081 626 4145 stabit
641 4083 732 4160 iners,
749 4103 805 4146 seu
819 4080 951 4166 profluet
966 4081 1085 4165 humor,
1240 4089 1282 4150 26

246 4185 458 4250 Transversas
475 4186 585 4252 salices
600 4203 631 4253 et
646 4191 772 4274 grandia
788 4189 907 4276 conjice
923 4209 1021 4272 saxea

246 4289 402 4358 Pontibus
416 4307 451 4359 ut
463 4293 582 4363 crebris
595 4298 710 4383 possint
724 4297 903 4375 consistere,
919 4311 951 4362 et
965 4296 1028 4362 alas
