<?xml version="1.0" encoding="UTF-8"?>
<!DOCTYPE html PUBLIC "-//W3C//DTD XHTML 1.0 Transitional//EN"
    "http://www.w3.org/TR/xhtml1/DTD/xhtml1-transitional.dtd">
<html xmlns="http://www.w3.org/1999/xhtml" xml:lang="en" lang="en">
 <head>
  <title>
</title>
<meta http-equiv="Content-Type" content="text/html;charset=utf-8" />
  <meta name='ocr-system' content='tesseract 3.04.00' />
  <meta name='ocr-capabilities' content='ocr_page ocr_carea ocr_par ocr_line ocrx_word'/>
</head>
<body>
  <div class='ocr_page' id='page_1' title='image "./bucolicageorgic01goulgoog_0181.png"; bbox 0 0 2956 5132; ppageno 0'>
   <div class='ocr_carea' id='block_1_1' title="bbox 657 492 839 554">
    <p class='ocr_par' dir='ltr' id='par_1_1' title="bbox 657 492 839 554">
     <span class='ocr_line' id='line_1_1' title="bbox 657 492 839 554; baseline 0 -2"><span class='ocrx_word' id='word_1_1' title='bbox 657 492 772 552; x_wconf 82' lang='lat' dir='ltr'>LIBER</span> <span class='ocrx_word' id='word_1_2' title='bbox 791 495 839 554; x_wconf 90' lang='lat'>111.</span> 
     </span>
    </p>
   </div>
   <div class='ocr_carea' id='block_1_2' title="bbox 244 644 1381 4121">
    <p class='ocr_par' dir='ltr' id='par_1_2' title="bbox 247 644 1084 736">
     <span class='ocr_line' id='line_1_2' title="bbox 247 644 1084 736; baseline 0 -21"><span class='ocrx_word' id='word_1_3' title='bbox 247 645 391 736; x_wconf 74' lang='lat' dir='ltr'><strong>AEquora</strong></span> <span class='ocrx_word' id='word_1_4' title='bbox 403 650 556 714; x_wconf 85' lang='lat' dir='ltr'><strong>circuitu:</strong></span> <span class='ocrx_word' id='word_1_5' title='bbox 579 644 724 712; x_wconf 84' lang='lat' dir='ltr'><strong>dextrum</strong></span> <span class='ocrx_word' id='word_1_6' title='bbox 737 649 807 734; x_wconf 87' lang='lat' dir='ltr'><strong>fuge</strong></span> <span class='ocrx_word' id='word_1_7' title='bbox 822 647 915 730; x_wconf 88' lang='lat' dir='ltr'><strong>littus,</strong></span> <span class='ocrx_word' id='word_1_8' title='bbox 930 662 961 713; x_wconf 88' lang='lat' dir='ltr'><strong>et</strong></span> <span class='ocrx_word' id='word_1_9' title='bbox 974 648 1084 716; x_wconf 76' lang='lat' dir='ltr'><strong>undas.</strong></span> 
     </span>
    </p>

    <p class='ocr_par' dir='ltr' id='par_1_3' title="bbox 247 749 1068 836">
     <span class='ocr_line' id='line_1_3' title="bbox 247 749 1068 836; baseline -0.001 -17"><span class='ocrx_word' id='word_1_10' title='bbox 247 754 334 819; x_wconf 80' lang='lat' dir='ltr'><strong>Haec</strong></span> <span class='ocrx_word' id='word_1_11' title='bbox 350 753 429 832; x_wconf 80' lang='lat' dir='ltr'><strong>loca,</strong></span> <span class='ocrx_word' id='word_1_12' title='bbox 443 753 473 816; x_wconf 88' lang='lat' dir='ltr'><strong>vi</strong></span> <span class='ocrx_word' id='word_1_13' title='bbox 487 749 645 836; x_wconf 86' lang='lat' dir='ltr'><strong>quondam</strong></span> <span class='ocrx_word' id='word_1_14' title='bbox 660 764 690 815; x_wconf 92' lang='lat' dir='ltr'><strong>et</strong></span> <span class='ocrx_word' id='word_1_15' title='bbox 704 753 792 817; x_wconf 73' lang='lat' dir='ltr'><strong>vasta</strong></span> <span class='ocrx_word' id='word_1_16' title='bbox 801 751 955 816; x_wconf 75' lang='lat' dir='ltr'><strong>&#39;convulsa</strong></span> <span class='ocrx_word' id='word_1_17' title='bbox 969 753 1068 834; x_wconf 75' lang='lat' dir='ltr'><strong>minti,</strong></span> 
     </span>
    </p>

    <p class='ocr_par' dir='ltr' id='par_1_4' title="bbox 244 853 1278 1044">
     <span class='ocr_line' id='line_1_4' title="bbox 244 853 1278 942; baseline 0.002 -22"><span class='ocrx_word' id='word_1_18' title='bbox 244 853 387 920; x_wconf 78' lang='lat' dir='ltr'><strong>Tantirm</strong></span> <span class='ocrx_word' id='word_1_19' title='bbox 402 855 459 918; x_wconf 84' lang='lat' dir='ltr'><strong>aevi</strong></span> <span class='ocrx_word' id='word_1_20' title='bbox 473 853 643 942; x_wconf 83' lang='lat' dir='ltr'><strong>longinqua</strong></span> <span class='ocrx_word' id='word_1_21' title='bbox 657 855 740 918; x_wconf 90' lang='lat' dir='ltr'><strong>valet</strong></span> <span class='ocrx_word' id='word_1_22' title='bbox 755 868 873 932; x_wconf 85' lang='lat' dir='ltr'><strong>mutare</strong></span> <span class='ocrx_word' id='word_1_23' title='bbox 889 859 1045 921; x_wconf 89' lang='lat' dir='ltr'><strong>vetustas!</strong></span> <span class='ocrx_word' id='word_1_24' title='bbox 1217 863 1278 922; x_wconf 71' lang='lat'><strong>415</strong></span> 
     </span>
     <span class='ocr_line' id='line_1_5' title="bbox 246 958 1075 1044; baseline 0 -20"><span class='ocrx_word' id='word_1_25' title='bbox 246 958 428 1024; x_wconf 86' lang='lat' dir='ltr'><strong>Dissiluisse</strong></span> <span class='ocrx_word' id='word_1_26' title='bbox 443 960 557 1038; x_wconf 68' lang='lat' dir='ltr'><strong>lerunt,</strong></span> <span class='ocrx_word' id='word_1_27' title='bbox 570 980 665 1044; x_wconf 91' lang='lat' dir='ltr'><strong>quum</strong></span> <span class='ocrx_word' id='word_1_28' title='bbox 680 971 826 1044; x_wconf 88' lang='lat' dir='ltr'><strong>protenus</strong></span> <span class='ocrx_word' id='word_1_29' title='bbox 840 973 970 1044; x_wconf 92' lang='lat' dir='ltr'><strong>utraque</strong></span> <span class='ocrx_word' id='word_1_30' title='bbox 985 959 1075 1026; x_wconf 88' lang='lat' dir='ltr'><strong>tellus</strong></span> 
     </span>
    </p>

    <p class='ocr_par' dir='ltr' id='par_1_5' title="bbox 249 1060 993 1147">
     <span class='ocr_line' id='line_1_6' title="bbox 249 1060 993 1147; baseline 0.003 -23"><span class='ocrx_word' id='word_1_31' title='bbox 249 1060 325 1125; x_wconf 89' lang='lat' dir='ltr'><strong>Una</strong></span> <span class='ocrx_word' id='word_1_32' title='bbox 339 1063 436 1126; x_wconf 86' lang='lat' dir='ltr'><strong>soret:</strong></span> <span class='ocrx_word' id='word_1_33' title='bbox 459 1065 545 1127; x_wconf 89' lang='lat' dir='ltr'><strong>veuit</strong></span> <span class='ocrx_word' id='word_1_34' title='bbox 560 1061 663 1126; x_wconf 89' lang='lat' dir='ltr'><strong>medio</strong></span> <span class='ocrx_word' id='word_1_35' title='bbox 678 1063 709 1125; x_wconf 87' lang='lat' dir='ltr'><strong>vi</strong></span> <span class='ocrx_word' id='word_1_36' title='bbox 723 1077 845 1147; x_wconf 88' lang='lat' dir='ltr'><strong>pontus,</strong></span> <span class='ocrx_word' id='word_1_37' title='bbox 860 1074 890 1126; x_wconf 91' lang='lat' dir='ltr'><strong>et</strong></span> <span class='ocrx_word' id='word_1_38' title='bbox 904 1061 993 1127; x_wconf 90' lang='lat' dir='ltr'><strong>undis</strong></span> 
     </span>
    </p>

    <p class='ocr_par' dir='ltr' id='par_1_6' title="bbox 248 1163 1122 1249">
     <span class='ocr_line' id='line_1_7' title="bbox 248 1163 1122 1249; baseline 0.005 -21"><span class='ocrx_word' id='word_1_39' title='bbox 248 1163 440 1249; x_wconf 85' lang='lat' dir='ltr'><strong>Hesperium</strong></span> <span class='ocrx_word' id='word_1_40' title='bbox 456 1163 561 1238; x_wconf 83' lang='lat' dir='ltr'><strong>Siculo</strong></span> <span class='ocrx_word' id='word_1_41' title='bbox 576 1163 656 1230; x_wconf 89' lang='lat' dir='ltr'><strong>latus</strong></span> <span class='ocrx_word' id='word_1_42' title='bbox 672 1163 816 1244; x_wconf 76' lang='lat' dir='ltr'><strong>abscidit,</strong></span> <span class='ocrx_word' id='word_1_43' title='bbox 832 1185 969 1249; x_wconf 86' lang='lat' dir='ltr'><strong>arvaque</strong></span> <span class='ocrx_word' id='word_1_44' title='bbox 983 1180 1014 1230; x_wconf 92' lang='lat' dir='ltr'><strong>et</strong></span> <span class='ocrx_word' id='word_1_45' title='bbox 1028 1167 1122 1232; x_wconf 89' lang='lat' dir='ltr'><strong>urbes</strong></span> 
     </span>
    </p>

    <p class='ocr_par' dir='ltr' id='par_1_7' title="bbox 250 1263 1051 1354">
     <span class='ocr_line' id='line_1_8' title="bbox 250 1263 1051 1354; baseline 0.006 -26"><span class='ocrx_word' id='word_1_46' title='bbox 250 1264 370 1330; x_wconf 91' lang='lat' dir='ltr'><strong>Littore</strong></span> <span class='ocrx_word' id='word_1_47' title='bbox 385 1263 532 1330; x_wconf 86' lang='lat' dir='ltr'><strong>diductas</strong></span> <span class='ocrx_word' id='word_1_48' title='bbox 547 1279 677 1354; x_wconf 85' lang='lat' dir='ltr'><strong>angusto</strong></span> <span class='ocrx_word' id='word_1_49' title='bbox 691 1266 829 1331; x_wconf 81' lang='lat' dir='ltr'><strong>interluit</strong></span> <span class='ocrx_word' id='word_1_50' title='bbox 843 1280 930 1332; x_wconf 83' lang='lat' dir='ltr'><strong>aestu.</strong></span> <span class='ocrx_word' id='word_1_51' title='bbox 1047 1283 1051 1294; x_wconf 83' lang='lat'><strong><em>¹</em></strong></span> 
     </span>
    </p>

    <p class='ocr_par' dir='ltr' id='par_1_8' title="bbox 246 1366 1277 1560">
     <span class='ocr_line' id='line_1_9' title="bbox 246 1366 1277 1464; baseline 0.01 -32"><span class='ocrx_word' id='word_1_52' title='bbox 246 1366 404 1432; x_wconf 82' lang='lat' dir='ltr'><strong>Dextrum</strong></span> <span class='ocrx_word' id='word_1_53' title='bbox 420 1367 529 1454; x_wconf 86' lang='lat' dir='ltr'><strong>Scylla</strong></span> <span class='ocrx_word' id='word_1_54' title='bbox 544 1369 633 1450; x_wconf 90' lang='lat' dir='ltr'><strong>latus,</strong></span> <span class='ocrx_word' id='word_1_55' title='bbox 648 1369 760 1434; x_wconf 80' lang='lat' dir='ltr'><strong>laevum</strong></span> <span class='ocrx_word' id='word_1_56' title='bbox 774 1369 942 1456; x_wconf 85' lang='lat' dir='ltr'><strong>implacata</strong></span> <span class='ocrx_word' id='word_1_57' title='bbox 957 1370 1150 1464; x_wconf 86' lang='lat' dir='ltr'><strong>Charybdis,</strong></span> <span class='ocrx_word' id='word_1_58' title='bbox 1214 1379 1277 1442; x_wconf 76' lang='lat'><strong>420</strong></span> 
     </span>
     <span class='ocr_line' id='line_1_10' title="bbox 249 1468 1050 1560; baseline 0.005 -26"><span class='ocrx_word' id='word_1_59' title='bbox 249 1468 392 1550; x_wconf 78' lang='lat' dir='ltr'><strong>obsidet,</strong></span> <span class='ocrx_word' id='word_1_60' title='bbox 407 1483 500 1555; x_wconf 85' lang='lat' dir='ltr'><strong>atque</strong></span> <span class='ocrx_word' id='word_1_61' title='bbox 515 1474 578 1535; x_wconf 91' lang='lat' dir='ltr'><strong>imo</strong></span> <span class='ocrx_word' id='word_1_62' title='bbox 592 1470 735 1536; x_wconf 81' lang='lat' dir='ltr'><strong>barathri</strong></span> <span class='ocrx_word' id='word_1_63' title='bbox 751 1485 798 1535; x_wconf 93' lang='lat' dir='ltr'><strong>ter</strong></span> <span class='ocrx_word' id='word_1_64' title='bbox 811 1476 931 1560; x_wconf 85' lang='lat' dir='ltr'><strong>gurgite</strong></span> <span class='ocrx_word' id='word_1_65' title='bbox 947 1490 1050 1539; x_wconf 89' lang='lat' dir='ltr'><strong>vastos</strong></span> 
     </span>
    </p>

    <p class='ocr_par' dir='ltr' id='par_1_9' title="bbox 251 1574 1088 1668">
     <span class='ocr_line' id='line_1_11' title="bbox 251 1574 1088 1668; baseline 0.008 -32"><span class='ocrx_word' id='word_1_66' title='bbox 251 1574 364 1636; x_wconf 84' lang='lat' dir='ltr'><strong>Sorbet</strong></span> <span class='ocrx_word' id='word_1_67' title='bbox 378 1577 409 1637; x_wconf 92' lang='lat' dir='ltr'><strong>in</strong></span> <span class='ocrx_word' id='word_1_68' title='bbox 424 1576 590 1662; x_wconf 85' lang='lat' dir='ltr'><strong>abruptum</strong></span> <span class='ocrx_word' id='word_1_69' title='bbox 605 1575 724 1654; x_wconf 84' lang='lat' dir='ltr'><strong>lluctus,</strong></span> <span class='ocrx_word' id='word_1_70' title='bbox 741 1597 908 1662; x_wconf 84' lang='lat' dir='ltr'><strong>rursusque</strong></span> <span class='ocrx_word' id='word_1_71' title='bbox 922 1577 982 1642; x_wconf 89' lang='lat' dir='ltr'><strong>sub</strong></span> <span class='ocrx_word' id='word_1_72' title='bbox 997 1598 1088 1668; x_wconf 75' lang='lat' dir='ltr'><strong>auras</strong></span> 
     </span>
    </p>

    <p class='ocr_par' dir='ltr' id='par_1_10' title="bbox 250 1675 944 1764">
     <span class='ocr_line' id='line_1_12' title="bbox 250 1675 944 1764; baseline 0.006 -23"><span class='ocrx_word' id='word_1_73' title='bbox 250 1675 353 1764; x_wconf 82' lang='lat' dir='ltr'><strong>Erigit</strong></span> <span class='ocrx_word' id='word_1_74' title='bbox 367 1677 510 1758; x_wconf 85' lang='lat' dir='ltr'><strong>alternos,</strong></span> <span class='ocrx_word' id='word_1_75' title='bbox 525 1693 556 1743; x_wconf 91' lang='lat' dir='ltr'><strong>et</strong></span> <span class='ocrx_word' id='word_1_76' title='bbox 570 1678 676 1742; x_wconf 87' lang='lat' dir='ltr'><strong>sidera</strong></span> <span class='ocrx_word' id='word_1_77' title='bbox 690 1679 838 1744; x_wconf 87' lang='lat' dir='ltr'><strong>verberat</strong></span> <span class='ocrx_word' id='word_1_78' title='bbox 851 1680 944 1746; x_wconf 74' lang='lat' dir='ltr'><strong>undd·</strong></span> 
     </span>
    </p>

    <p class='ocr_par' dir='ltr' id='par_1_11' title="bbox 250 1778 1010 1868">
     <span class='ocr_line' id='line_1_13' title="bbox 250 1778 1010 1868; baseline 0.012 -26"><span class='ocrx_word' id='word_1_79' title='bbox 250 1780 293 1842; x_wconf 85' lang='lat' dir='ltr'><strong>At</strong></span> <span class='ocrx_word' id='word_1_80' title='bbox 308 1778 446 1866; x_wconf 77' lang='lat' dir='ltr'><strong>Scyllam</strong></span> <span class='ocrx_word' id='word_1_81' title='bbox 461 1781 554 1845; x_wconf 86' lang='lat' dir='ltr'><strong>caecis</strong></span> <span class='ocrx_word' id='word_1_82' title='bbox 569 1781 696 1846; x_wconf 90' lang='lat' dir='ltr'><strong>cohibet</strong></span> <span class='ocrx_word' id='word_1_83' title='bbox 710 1779 859 1868; x_wconf 86' lang='lat' dir='ltr'><strong>spelunca</strong></span> <span class='ocrx_word' id='word_1_84' title='bbox 874 1783 1010 1868; x_wconf 60' lang='lat' dir='ltr'><strong>latebris</strong></span> 
     </span>
    </p>

    <p class='ocr_par' dir='ltr' id='par_1_12' title="bbox 246 1881 1381 2076">
     <span class='ocr_line' id='line_1_14' title="bbox 246 1881 1381 1976; baseline 0.011 -31"><span class='ocrx_word' id='word_1_85' title='bbox 246 1881 318 1946; x_wconf 89' lang='lat' dir='ltr'><strong>Ora</strong></span> <span class='ocrx_word' id='word_1_86' title='bbox 333 1897 549 1964; x_wconf 80' lang='lat' dir='ltr'><strong>exsertantem,</strong></span> <span class='ocrx_word' id='word_1_87' title='bbox 564 1897 595 1948; x_wconf 89' lang='lat' dir='ltr'><strong>et</strong></span> <span class='ocrx_word' id='word_1_88' title='bbox 610 1905 706 1948; x_wconf 86' lang='lat' dir='ltr'><strong>naves</strong></span> <span class='ocrx_word' id='word_1_89' title='bbox 721 1887 752 1949; x_wconf 94' lang='lat' dir='ltr'><strong>in</strong></span> <span class='ocrx_word' id='word_1_90' title='bbox 764 1905 844 1973; x_wconf 75' lang='lat' dir='ltr'><strong>saxa</strong></span> <span class='ocrx_word' id='word_1_91' title='bbox 859 1887 1042 1955; x_wconf 83' lang='lat' dir='ltr'><strong>trahentem.</strong></span> <span class='ocrx_word' id='word_1_92' title='bbox 1216 1893 1279 1956; x_wconf 70' lang='lat'><strong>425</strong></span> <span class='ocrx_word' id='word_1_93' title='bbox 1375 1965 1381 1976; x_wconf 43' lang='lat'><em>,</em></span> 
     </span>
     <span class='ocr_line' id='line_1_15' title="bbox 250 1983 1060 2076; baseline 0.01 -29"><span class='ocrx_word' id='word_1_94' title='bbox 250 1983 356 2048; x_wconf 86' lang='lat' dir='ltr'><strong>Prima</strong></span> <span class='ocrx_word' id='word_1_95' title='bbox 371 1984 503 2049; x_wconf 90' lang='lat' dir='ltr'><strong>hominis</strong></span> <span class='ocrx_word' id='word_1_96' title='bbox 519 1987 626 2066; x_wconf 82' lang='lat' dir='ltr'><strong>facies,</strong></span> <span class='ocrx_word' id='word_1_97' title='bbox 640 1999 672 2050; x_wconf 90' lang='lat' dir='ltr'><strong>et</strong></span> <span class='ocrx_word' id='word_1_98' title='bbox 686 1985 817 2071; x_wconf 90' lang='lat' dir='ltr'><strong>pulchro</strong></span> <span class='ocrx_word' id='word_1_99' title='bbox 831 2001 958 2072; x_wconf 87' lang='lat' dir='ltr'><strong>pectore</strong></span> <span class='ocrx_word' id='word_1_100' title='bbox 973 1993 1060 2076; x_wconf 86' lang='lat' dir='ltr'><strong>virgo</strong></span> 
     </span>
    </p>

    <p class='ocr_par' dir='ltr' id='par_1_13' title="bbox 251 2084 1057 2174">
     <span class='ocr_line' id='line_1_16' title="bbox 251 2084 1057 2174; baseline 0.007 -26"><span class='ocrx_word' id='word_1_101' title='bbox 251 2084 340 2148; x_wconf 87' lang='lat' dir='ltr'><strong>Pube</strong></span> <span class='ocrx_word' id='word_1_102' title='bbox 354 2101 459 2166; x_wconf 88' lang='lat' dir='ltr'><strong>tenus;</strong></span> <span class='ocrx_word' id='word_1_103' title='bbox 481 2101 638 2172; x_wconf 85' lang='lat' dir='ltr'><strong>postrema</strong></span> <span class='ocrx_word' id='word_1_104' title='bbox 653 2091 780 2152; x_wconf 90' lang='lat' dir='ltr'><strong>immani</strong></span> <span class='ocrx_word' id='word_1_105' title='bbox 794 2109 927 2174; x_wconf 86' lang='lat' dir='ltr'><strong>corpore</strong></span> <span class='ocrx_word' id='word_1_106' title='bbox 942 2093 1057 2174; x_wconf 86' lang='lat' dir='ltr'><strong>pristis,</strong></span> 
     </span>
    </p>

    <p class='ocr_par' dir='ltr' id='par_1_14' title="bbox 249 2185 1028 2275">
     <span class='ocr_line' id='line_1_17' title="bbox 249 2185 1028 2275; baseline 0.005 -25"><span class='ocrx_word' id='word_1_107' title='bbox 249 2185 445 2272; x_wconf 79' lang='lat' dir='ltr'><strong>Delphindm</strong></span> <span class='ocrx_word' id='word_1_108' title='bbox 455 2186 577 2253; x_wconf 23' lang='lat' dir='ltr'><strong>*caudas</strong></span> <span class='ocrx_word' id='word_1_109' title='bbox 592 2203 680 2252; x_wconf 89' lang='lat' dir='ltr'><strong>utero</strong></span> <span class='ocrx_word' id='word_1_110' title='bbox 694 2193 860 2254; x_wconf 89' lang='lat' dir='ltr'><strong>commissa</strong></span> <span class='ocrx_word' id='word_1_111' title='bbox 874 2188 1028 2275; x_wconf 91' lang='lat' dir='ltr'><strong>luporum.</strong></span> 
     </span>
    </p>

    <p class='ocr_par' dir='ltr' id='par_1_15' title="bbox 251 2289 977 2378">
     <span class='ocr_line' id='line_1_18' title="bbox 251 2289 977 2378; baseline 0.003 -24"><span class='ocrx_word' id='word_1_112' title='bbox 251 2289 384 2354; x_wconf 84' lang='lat' dir='ltr'><strong>Praestat</strong></span> <span class='ocrx_word' id='word_1_113' title='bbox 397 2289 557 2356; x_wconf 87' lang='lat' dir='ltr'><strong>Trinacrii</strong></span> <span class='ocrx_word' id='word_1_114' title='bbox 572 2304 668 2356; x_wconf 85' lang='lat' dir='ltr'><strong>metas</strong></span> <span class='ocrx_word' id='word_1_115' title='bbox 683 2290 816 2356; x_wconf 86' lang='lat' dir='ltr'><strong>lustrare</strong></span> <span class='ocrx_word' id='word_1_116' title='bbox 833 2291 977 2378; x_wconf 87' lang='lat' dir='ltr'><strong>Pachyni</strong></span> 
     </span>
    </p>

    <p class='ocr_par' dir='ltr' id='par_1_16' title="bbox 245 2391 1280 2578">
     <span class='ocr_line' id='line_1_19' title="bbox 245 2391 1280 2480; baseline 0.007 -23"><span class='ocrx_word' id='word_1_117' title='bbox 245 2392 454 2472; x_wconf 81' lang='lat' dir='ltr'><strong>Cessantem,·</strong></span> <span class='ocrx_word' id='word_1_118' title='bbox 461 2391 565 2480; x_wconf 82' lang='lat' dir='ltr'><strong>longos</strong></span> <span class='ocrx_word' id='word_1_119' title='bbox 580 2407 611 2458; x_wconf 91' lang='lat' dir='ltr'><strong>et</strong></span> <span class='ocrx_word' id='word_1_120' title='bbox 625 2393 871 2459; x_wconf 88' lang='lat' dir='ltr'><strong>circumflectere</strong></span> <span class='ocrx_word' id='word_1_121' title='bbox 886 2415 1005 2476; x_wconf 89' lang='lat' dir='ltr'><strong>cursus,</strong></span> <span class='ocrx_word' id='word_1_122' title='bbox 1218 2407 1280 2466; x_wconf 82' lang='lat'><strong>430</strong></span> 
     </span>
     <span class='ocr_line' id='line_1_20' title="bbox 247 2493 1049 2578; baseline 0.006 -19"><span class='ocrx_word' id='word_1_123' title='bbox 247 2496 355 2578; x_wconf 77' lang='lat' dir='ltr'><strong>Quam</strong></span> <span class='ocrx_word' id='word_1_124' title='bbox 370 2493 464 2558; x_wconf 89' lang='lat' dir='ltr'><strong>semel</strong></span> <span class='ocrx_word' id='word_1_125' title='bbox 479 2496 639 2561; x_wconf 78' lang='lat' dir='ltr'><strong>informem</strong></span> <span class='ocrx_word' id='word_1_126' title='bbox 653 2509 741 2562; x_wconf 86' lang='lat' dir='ltr'><strong>vasto</strong></span> <span class='ocrx_word' id='word_1_127' title='bbox 754 2495 871 2561; x_wconf 90' lang='lat' dir='ltr'><strong>vidisse</strong></span> <span class='ocrx_word' id='word_1_128' title='bbox 886 2498 944 2562; x_wconf 89' lang='lat' dir='ltr'><strong>sub</strong></span> <span class='ocrx_word' id='word_1_129' title='bbox 959 2511 1049 2564; x_wconf 91' lang='lat' dir='ltr'><strong>antro</strong></span> 
     </span>
    </p>

    <p class='ocr_par' dir='ltr' id='par_1_17' title="bbox 249 2595 1045 2684">
     <span class='ocr_line' id='line_1_21' title="bbox 249 2595 1045 2684; baseline 0.004 -22"><span class='ocrx_word' id='word_1_130' title='bbox 249 2595 404 2684; x_wconf 85' lang='lat' dir='ltr'><strong>Scyllam,</strong></span> <span class='ocrx_word' id='word_1_131' title='bbox 419 2611 448 2662; x_wconf 92' lang='lat' dir='ltr'><strong>et</strong></span> <span class='ocrx_word' id='word_1_132' title='bbox 462 2597 603 2662; x_wconf 79' lang='lat' dir='ltr'><strong>caeurleis</strong></span> <span class='ocrx_word' id='word_1_133' title='bbox 618 2599 749 2662; x_wconf 87' lang='lat' dir='ltr'><strong>canibus</strong></span> <span class='ocrx_word' id='word_1_134' title='bbox 763 2603 942 2665; x_wconf 89' lang='lat' dir='ltr'><strong>resonantia</strong></span> <span class='ocrx_word' id='word_1_135' title='bbox 956 2622 1045 2665; x_wconf 86' lang='lat' dir='ltr'><strong>saxa.</strong></span> 
     </span>
    </p>

    <p class='ocr_par' dir='ltr' id='par_1_18' title="bbox 250 2699 1067 2786">
     <span class='ocr_line' id='line_1_22' title="bbox 250 2699 1067 2786; baseline 0.002 -21"><span class='ocrx_word' id='word_1_136' title='bbox 250 2701 420 2780; x_wconf 67' lang='lat' dir='ltr'><strong>Praeterem</strong></span> <span class='ocrx_word' id='word_1_137' title='bbox 434 2705 461 2764; x_wconf 90' lang='lat' dir='ltr'><strong>si</strong></span> <span class='ocrx_word' id='word_1_138' title='bbox 476 2723 538 2786; x_wconf 90' lang='lat' dir='ltr'><strong>qua</strong></span> <span class='ocrx_word' id='word_1_139' title='bbox 552 2713 598 2765; x_wconf 88' lang='lat' dir='ltr'><strong>est</strong></span> <span class='ocrx_word' id='word_1_140' title='bbox 613 2699 739 2764; x_wconf 89' lang='lat' dir='ltr'><strong>Heleno</strong></span> <span class='ocrx_word' id='word_1_141' title='bbox 753 2700 929 2786; x_wconf 85' lang='lat' dir='ltr'><strong>prudentia,</strong></span> <span class='ocrx_word' id='word_1_142' title='bbox 943 2707 1019 2767; x_wconf 86' lang='lat' dir='ltr'><strong>vati¹</strong></span> <span class='ocrx_word' id='word_1_143' title='bbox 1061 2737 1067 2746; x_wconf 84' lang='lat'><em>·</em></span> 
     </span>
    </p>

    <p class='ocr_par' dir='ltr' id='par_1_19' title="bbox 251 2801 1013 2890">
     <span class='ocr_line' id='line_1_23' title="bbox 251 2801 1013 2890; baseline 0.003 -24"><span class='ocrx_word' id='word_1_144' title='bbox 251 2803 286 2866; x_wconf 90' lang='lat' dir='ltr'><strong>Si</strong></span> <span class='ocrx_word' id='word_1_145' title='bbox 301 2824 363 2887; x_wconf 86' lang='lat' dir='ltr'><strong>qua</strong></span> <span class='ocrx_word' id='word_1_146' title='bbox 377 2801 462 2884; x_wconf 86' lang='lat' dir='ltr'><strong>fides,</strong></span> <span class='ocrx_word' id='word_1_147' title='bbox 477 2806 612 2866; x_wconf 86' lang='lat' dir='ltr'><strong>animum</strong></span> <span class='ocrx_word' id='word_1_148' title='bbox 627 2805 654 2865; x_wconf 90' lang='lat' dir='ltr'><strong>si</strong></span> <span class='ocrx_word' id='word_1_149' title='bbox 669 2805 752 2866; x_wconf 90' lang='lat' dir='ltr'><strong>veris</strong></span> <span class='ocrx_word' id='word_1_150' title='bbox 767 2801 876 2888; x_wconf 92' lang='lat' dir='ltr'><strong>implet</strong></span> <span class='ocrx_word' id='word_1_151' title='bbox 889 2803 1013 2890; x_wconf 85' lang='lat' dir='ltr'><strong>Apollo,</strong></span> 
     </span>
    </p>

    <p class='ocr_par' dir='ltr' id='par_1_20' title="bbox 250 2901 1278 3198">
     <span class='ocr_line' id='line_1_24' title="bbox 250 2901 1278 2990; baseline 0.004 -20"><span class='ocrx_word' id='word_1_152' title='bbox 250 2901 358 2970; x_wconf 87' lang='lat' dir='ltr'><strong>Unum</strong></span> <span class='ocrx_word' id='word_1_153' title='bbox 372 2901 448 2967; x_wconf 92' lang='lat' dir='ltr'><strong>illud</strong></span> <span class='ocrx_word' id='word_1_154' title='bbox 463 2905 530 2982; x_wconf 85' lang='lat' dir='ltr'><strong>tibi,</strong></span> <span class='ocrx_word' id='word_1_155' title='bbox 545 2916 616 2966; x_wconf 85' lang='lat' dir='ltr'><strong>nate</strong></span> <span class='ocrx_word' id='word_1_156' title='bbox 631 2901 700 2982; x_wconf 75' lang='lat' dir='ltr'><strong>det,</strong></span> <span class='ocrx_word' id='word_1_157' title='bbox 714 2925 843 2989; x_wconf 86' lang='lat' dir='ltr'><strong>praeque</strong></span> <span class='ocrx_word' id='word_1_158' title='bbox 857 2905 1001 2970; x_wconf 92' lang='lat' dir='ltr'><strong>omnibus</strong></span> <span class='ocrx_word' id='word_1_159' title='bbox 1016 2929 1118 2990; x_wconf 83' lang='lat' dir='ltr'><strong>unum,</strong></span> <span class='ocrx_word' id='word_1_160' title='bbox 1217 2921 1278 2979; x_wconf 76' lang='lat'><strong>435</strong></span> 
     </span>
     <span class='ocr_line' id='line_1_25' title="bbox 252 2997 1178 3094; baseline 0.008 -22"><span class='ocrx_word' id='word_1_161' title='bbox 252 3005 439 3086; x_wconf 74' lang='lat' dir='ltr'><strong>Praedicam,</strong></span> <span class='ocrx_word' id='word_1_162' title='bbox 453 3019 483 3070; x_wconf 89' lang='lat' dir='ltr'><strong>et</strong></span> <span class='ocrx_word' id='word_1_163' title='bbox 497 3019 642 3092; x_wconf 91' lang='lat' dir='ltr'><strong>repetens</strong></span> <span class='ocrx_word' id='word_1_164' title='bbox 657 3010 831 3092; x_wconf 89' lang='lat' dir='ltr'><strong>iterumque</strong></span> <span class='ocrx_word' id='word_1_165' title='bbox 846 3011 1020 3094; x_wconf 89' lang='lat' dir='ltr'><strong>iterumque</strong></span> <span class='ocrx_word' id='word_1_166' title='bbox 1034 2997 1178 3079; x_wconf 84' lang='lat' dir='ltr'><strong>monebo.</strong></span> 
     </span>
     <span class='ocr_line' id='line_1_26' title="bbox 252 3108 1047 3198; baseline 0.001 -22"><span class='ocrx_word' id='word_1_167' title='bbox 252 3111 384 3176; x_wconf 86' lang='lat' dir='ltr'><strong>Junonis</strong></span> <span class='ocrx_word' id='word_1_168' title='bbox 398 3133 517 3198; x_wconf 84' lang='lat' dir='ltr'><strong>magnae</strong></span> <span class='ocrx_word' id='word_1_169' title='bbox 532 3108 667 3197; x_wconf 81' lang='lat' dir='ltr'><strong>primdm</strong></span> <span class='ocrx_word' id='word_1_170' title='bbox 680 3133 775 3196; x_wconf 92' lang='lat' dir='ltr'><strong>prece</strong></span> <span class='ocrx_word' id='word_1_171' title='bbox 790 3134 902 3176; x_wconf 89' lang='lat' dir='ltr'><strong>numen</strong></span> <span class='ocrx_word' id='word_1_172' title='bbox 918 3111 1016 3178; x_wconf 91' lang='lat' dir='ltr'><strong>adora</strong></span> <span class='ocrx_word' id='word_1_173' title='bbox 1026 3129 1047 3194; x_wconf 70' lang='grc' dir='ltr'><strong>ς’</strong></span> 
     </span>
    </p>

    <p class='ocr_par' dir='ltr' id='par_1_21' title="bbox 251 3211 1079 3407">
     <span class='ocr_line' id='line_1_27' title="bbox 251 3211 1079 3300; baseline 0.004 -23"><span class='ocrx_word' id='word_1_174' title='bbox 251 3213 369 3278; x_wconf 89' lang='lat' dir='ltr'><strong>Junoni</strong></span> <span class='ocrx_word' id='word_1_175' title='bbox 383 3234 462 3277; x_wconf 90' lang='lat' dir='ltr'><strong>cane</strong></span> <span class='ocrx_word' id='word_1_176' title='bbox 475 3225 548 3278; x_wconf 86' lang='lat' dir='ltr'><strong>vota</strong></span> <span class='ocrx_word' id='word_1_177' title='bbox 562 3211 675 3293; x_wconf 82' lang='lat' dir='ltr'><strong>libens,</strong></span> <span class='ocrx_word' id='word_1_178' title='bbox 689 3211 908 3298; x_wconf 90' lang='lat' dir='ltr'><strong>dominamque</strong></span> <span class='ocrx_word' id='word_1_179' title='bbox 923 3227 1079 3300; x_wconf 89' lang='lat' dir='ltr'><strong>potentem</strong></span> 
     </span>
     <span class='ocr_line' id='line_1_28' title="bbox 254 3315 1041 3407; baseline 0.003 -28"><span class='ocrx_word' id='word_1_180' title='bbox 254 3315 454 3401; x_wconf 86' lang='lat' dir='ltr'><strong>Supplicibus</strong></span> <span class='ocrx_word' id='word_1_181' title='bbox 468 3337 582 3407; x_wconf 85' lang='lat' dir='ltr'><strong>supere</strong></span> <span class='ocrx_word' id='word_1_182' title='bbox 598 3315 707 3384; x_wconf 82' lang='lat' dir='ltr'><strong>donis:</strong></span> <span class='ocrx_word' id='word_1_183' title='bbox 731 3317 775 3380; x_wconf 88' lang='lat' dir='ltr'><strong>sic</strong></span> <span class='ocrx_word' id='word_1_184' title='bbox 790 3315 926 3404; x_wconf 90' lang='lat' dir='ltr'><strong>denique</strong></span> <span class='ocrx_word' id='word_1_185' title='bbox 941 3319 1041 3381; x_wconf 85' lang='lat' dir='ltr'><strong>victor</strong></span> 
     </span>
    </p>

    <p class='ocr_par' dir='ltr' id='par_1_22' title="bbox 251 3414 1281 3602">
     <span class='ocr_line' id='line_1_29' title="bbox 251 3414 1281 3488; baseline 0.005 -5"><span class='ocrx_word' id='word_1_186' title='bbox 251 3418 422 3484; x_wconf 64' lang='lat' dir='ltr'><strong>Trinacriis</strong></span> <span class='ocrx_word' id='word_1_187' title='bbox 436 3418 512 3483; x_wconf 88' lang='lat' dir='ltr'><strong>fines</strong></span> <span class='ocrx_word' id='word_1_188' title='bbox 527 3417 621 3482; x_wconf 91' lang='lat' dir='ltr'><strong>ltalos</strong></span> <span class='ocrx_word' id='word_1_189' title='bbox 636 3417 759 3482; x_wconf 60' lang='lat' dir='ltr'><strong>mittere</strong></span> <span class='ocrx_word' id='word_1_190' title='bbox 777 3414 897 3483; x_wconf 71' lang='lat' dir='ltr'><strong>relicti.</strong></span> <span class='ocrx_word' id='word_1_191' title='bbox 993 3439 995 3446; x_wconf 88' lang='lat'>·</span> <span class='ocrx_word' id='word_1_192' title='bbox 1218 3423 1281 3488; x_wconf 73' lang='lat'><strong>440</strong></span> 
     </span>
     <span class='ocr_line' id='line_1_30' title="bbox 252 3520 1029 3602; baseline -0.001 -16"><span class='ocrx_word' id='word_1_193' title='bbox 252 3521 331 3586; x_wconf 80' lang='lat' dir='ltr'><strong>Huc</strong></span> <span class='ocrx_word' id='word_1_194' title='bbox 346 3521 398 3585; x_wconf 95' lang='lat' dir='ltr'><strong>ubi</strong></span> <span class='ocrx_word' id='word_1_195' title='bbox 412 3520 533 3586; x_wconf 87' lang='lat' dir='ltr'><strong>delatus</strong></span> <span class='ocrx_word' id='word_1_196' title='bbox 548 3520 709 3586; x_wconf 83' lang='lat' dir='ltr'><strong>Cumaeam</strong></span> <span class='ocrx_word' id='word_1_197' title='bbox 724 3525 895 3586; x_wconf 87' lang='lat' dir='ltr'><strong>accesseris</strong></span> <span class='ocrx_word' id='word_1_198' title='bbox 909 3523 1029 3602; x_wconf 80' lang='lat' dir='ltr'><strong>urbem,</strong></span> 
     </span>
    </p>

    <p class='ocr_par' dir='ltr' id='par_1_23' title="bbox 252 3617 1027 3711">
     <span class='ocr_line' id='line_1_31' title="bbox 252 3617 1027 3711; baseline -0.005 -22"><span class='ocrx_word' id='word_1_199' title='bbox 252 3617 450 3711; x_wconf 78' lang='lat' dir='ltr'><strong>Divinosque</strong></span> <span class='ocrx_word' id='word_1_200' title='bbox 464 3623 561 3704; x_wconf 84' lang='lat' dir='ltr'><strong>lacus,</strong></span> <span class='ocrx_word' id='word_1_201' title='bbox 575 3637 606 3687; x_wconf 93' lang='lat' dir='ltr'><strong>et</strong></span> <span class='ocrx_word' id='word_1_202' title='bbox 620 3627 747 3688; x_wconf 87' lang='lat' dir='ltr'><strong>Averna</strong></span> <span class='ocrx_word' id='word_1_203' title='bbox 761 3627 910 3688; x_wconf 86' lang='lat' dir='ltr'><strong>sonantia·</strong></span> <span class='ocrx_word' id='word_1_204' title='bbox 920 3622 1027 3702; x_wconf 86' lang='lat' dir='ltr'><strong>silvis;</strong></span> 
     </span>
    </p>

    <p class='ocr_par' dir='ltr' id='par_1_24' title="bbox 253 3724 1024 3814">
     <span class='ocr_line' id='line_1_32' title="bbox 253 3724 1024 3814; baseline -0.006 -21"><span class='ocrx_word' id='word_1_205' title='bbox 253 3728 398 3793; x_wconf 86' lang='lat' dir='ltr'><strong>lnsanam</strong></span> <span class='ocrx_word' id='word_1_206' title='bbox 413 3742 517 3793; x_wconf 84' lang='lat' dir='ltr'><strong>vatem</strong></span> <span class='ocrx_word' id='word_1_207' title='bbox 532 3727 702 3813; x_wconf 63' lang='lat' dir='ltr'><strong>adspicies*</strong></span> <span class='ocrx_word' id='word_1_208' title='bbox 713 3749 782 3812; x_wconf 79' lang='lat' dir='ltr'><strong>quae</strong></span> <span class='ocrx_word' id='word_1_209' title='bbox 797 3750 874 3814; x_wconf 92' lang='lat' dir='ltr'><strong>rupe</strong></span> <span class='ocrx_word' id='word_1_210' title='bbox 889 3726 947 3791; x_wconf 90' lang='lat' dir='ltr'><strong>sub</strong></span> <span class='ocrx_word' id='word_1_211' title='bbox 962 3724 1024 3789; x_wconf 76' lang='lat' dir='ltr'><strong>ima</strong></span> 
     </span>
    </p>

    <p class='ocr_par' dir='ltr' id='par_1_25' title="bbox 244 3825 1277 4121">
     <span class='ocr_line' id='line_1_33' title="bbox 252 3825 1134 3914; baseline -0.009 -19"><span class='ocrx_word' id='word_1_212' title='bbox 252 3829 335 3896; x_wconf 81' lang='lat' dir='ltr'><strong>Fata</strong></span> <span class='ocrx_word' id='word_1_213' title='bbox 348 3833 441 3909; x_wconf 67' lang='lat' dir='ltr'><strong>canit,</strong></span> <span class='ocrx_word' id='word_1_214' title='bbox 456 3828 600 3914; x_wconf 79' lang='lat' dir='ltr'><strong>foliisque</strong></span> <span class='ocrx_word' id='word_1_215' title='bbox 616 3843 704 3894; x_wconf 86' lang='lat' dir='ltr'><strong>notas</strong></span> <span class='ocrx_word' id='word_1_216' title='bbox 719 3843 749 3892; x_wconf 88' lang='lat' dir='ltr'><strong>et</strong></span> <span class='ocrx_word' id='word_1_217' title='bbox 764 3833 889 3894; x_wconf 86' lang='lat' dir='ltr'><strong>nomina</strong></span> <span class='ocrx_word' id='word_1_218' title='bbox 904 3825 1040 3892; x_wconf 88' lang='lat' dir='ltr'><strong>mandat.</strong></span> <span class='ocrx_word' id='word_1_219' title='bbox 1133 3847 1134 3852; x_wconf 49' lang='lat'>¹</span> 
     </span>
     <span class='ocr_line' id='line_1_34' title="bbox 247 3929 1277 4018; baseline -0.003 -22"><span class='ocrx_word' id='word_1_220' title='bbox 247 3933 465 4018; x_wconf 70' lang='lat' dir='ltr'><strong>Quacumque</strong></span> <span class='ocrx_word' id='word_1_221' title='bbox 480 3935 513 3996; x_wconf 89' lang='lat' dir='ltr'><strong>in</strong></span> <span class='ocrx_word' id='word_1_222' title='bbox 527 3930 607 3996; x_wconf 86' lang='lat' dir='ltr'><strong>loliis</strong></span> <span class='ocrx_word' id='word_1_223' title='bbox 622 3929 785 4016; x_wconf 88' lang='lat' dir='ltr'><strong>descripsit</strong></span> <span class='ocrx_word' id='word_1_224' title='bbox 804 3931 943 3995; x_wconf 85' lang='lat' dir='ltr'><strong>carmina</strong></span> <span class='ocrx_word' id='word_1_225' title='bbox 957 3932 1057 4014; x_wconf 80' lang='lat' dir='ltr'><strong>virgo,</strong></span> <span class='ocrx_word' id='word_1_226' title='bbox 1217 3944 1277 4002; x_wconf 75' lang='lat'><strong>445</strong></span> 
     </span>
     <span class='ocr_line' id='line_1_35' title="bbox 244 4029 1133 4121; baseline -0.008 -21"><span class='ocrx_word' id='word_1_227' title='bbox 244 4034 378 4121; x_wconf 84' lang='lat' dir='ltr'><strong>Digerit</strong></span> <span class='ocrx_word' id='word_1_228' title='bbox 392 4035 425 4098; x_wconf 91' lang='lat' dir='ltr'><strong>in</strong></span> <span class='ocrx_word' id='word_1_229' title='bbox 439 4055 609 4114; x_wconf 86' lang='lat' dir='ltr'><strong>numerum,</strong></span> <span class='ocrx_word' id='word_1_230' title='bbox 624 4047 716 4120; x_wconf 92' lang='lat' dir='ltr'><strong>atque</strong></span> <span class='ocrx_word' id='word_1_231' title='bbox 731 4047 820 4103; x_wconf 87' lang='lat' dir='ltr'><strong>antro</strong></span> <span class='ocrx_word' id='word_1_232' title='bbox 834 4029 955 4095; x_wconf 88' lang='lat' dir='ltr'><strong>seclusa</strong></span> <span class='ocrx_word' id='word_1_233' title='bbox 970 4031 1133 4118; x_wconf 89' lang='lat' dir='ltr'><strong>relinquit:</strong></span> 
     </span>
    </p>
   </div>
   <div class='ocr_carea' id='block_1_3' title="bbox 187 4129 1128 4298">
    <p class='ocr_par' dir='ltr' id='par_1_26' title="bbox 187 4129 1128 4298">
     <span class='ocr_line' id='line_1_36' title="bbox 187 4129 1128 4220; baseline -0.002 -19"><span class='ocrx_word' id='word_1_234' title='bbox 187 4129 194 4138; x_wconf 87' lang='grc'><strong>’</strong></span> <span class='ocrx_word' id='word_1_235' title='bbox 248 4134 310 4210; x_wconf 85' lang='lat' dir='ltr'><strong>llla</strong></span> <span class='ocrx_word' id='word_1_236' title='bbox 324 4147 451 4204; x_wconf 88' lang='lat' dir='ltr'><strong>manent</strong></span> <span class='ocrx_word' id='word_1_237' title='bbox 466 4137 593 4200; x_wconf 88' lang='lat' dir='ltr'><strong>immota</strong></span> <span class='ocrx_word' id='word_1_238' title='bbox 607 4133 694 4216; x_wconf 87' lang='lat' dir='ltr'><strong>locis,</strong></span> <span class='ocrx_word' id='word_1_239' title='bbox 707 4155 809 4220; x_wconf 88' lang='lat' dir='ltr'><strong>neque</strong></span> <span class='ocrx_word' id='word_1_240' title='bbox 825 4133 866 4199; x_wconf 88' lang='lat' dir='ltr'><strong>ab</strong></span> <span class='ocrx_word' id='word_1_241' title='bbox 880 4131 990 4219; x_wconf 87' lang='lat' dir='ltr'><strong>ordine</strong></span> <span class='ocrx_word' id='word_1_242' title='bbox 1004 4133 1128 4202; x_wconf 87' lang='lat' dir='ltr'><strong>cedunt.</strong></span> 
     </span>
     <span class='ocr_line' id='line_1_37' title="bbox 513 4241 549 4298; baseline 0.056 -2"><span class='ocrx_word' id='word_1_243' title='bbox 513 4241 549 4298; x_wconf 64' lang='lat' dir='ltr'><strong>Sl</strong></span> 
     </span>
    </p>
   </div>
   <div class='ocr_carea' id='block_1_4' title="bbox 0 0 1497 5132">
    <p class='ocr_par' dir='ltr' id='par_1_27' title="bbox 0 0 1497 5132">
     <span class='ocr_line' id='line_1_38' title="bbox 0 0 1497 5132; baseline 0 0"><span class='ocrx_word' id='word_1_244' title='bbox 0 0 1497 5132; x_wconf 95' lang='lat' dir='ltr'><strong> </strong></span> 
     </span>
    </p>
   </div>
  </div>
 </body>
</html>
