2914 5130
143 453 199 512 ese
466 416 494 450 ”
585 455 773 515 sucinos

122 596 124 606 ⁴
183 607 348 693 Tantaque
364 630 397 672 se
412 609 509 672 iacies
523 613 634 693 aperit.
679 610 761 674 Tum
777 609 918 676 flammea
933 625 1080 698 torquens

183 711 326 792 Lumina,
341 725 546 792 cunctantem,
561 727 591 776 et
606 725 795 798 quaerentem
810 700 915 778 dicere
931 714 1031 799 plura,

184 813 322 900 Repulit,
337 829 367 902 et
381 818 519 899 geminos
535 819 635 879 erexit
649 815 788 882 crinibus
804 837 928 902 angues,
1152 828 1215 884 450

183 919 391 1002 Verberaque
407 920 552 998 insonuit,
565 917 739 1002 rabidoque
755 919 823 982 baec
838 919 961 983 addidit
974 941 1047 984 ore:

184 1021 233 1084 En
249 1043 306 1107 ego
320 1024 404 1084 victa
418 1021 486 1098 situ,
501 1043 595 1106 quam
610 1025 677 1086 veri
693 1021 795 1086 effoeta
811 1037 953 1088 senectus

183 1125 282 1188 Arma
296 1125 376 1188 inter
389 1145 495 1210 regum
510 1122 589 1188 salsa
604 1124 765 1188 formidine
781 1123 868 1188 ludit.

184 1225 320 1312 Respice
336 1226 377 1290 ad
392 1227 480 1290 haec:
504 1226 612 1290 adsum
627 1225 765 1292 dirarum
780 1227 822 1291 ab
837 1226 912 1292 sede
927 1249 1085 1292 summm:

185 1327 275 1393 Bella
290 1351 382 1393 manu
397 1329 553 1414 letumque
567 1350 653 1416 gero.
1152 1341 1214 1398 45⁵

121 1511 124 1516 Ι
186 1433 237 1496 Sic
253 1430 346 1496 effata
359 1433 460 1496 facem
471 1432 579 1517 juveni
594 1431 738 1517 conjecit,
753 1443 784 1495 et
799 1445 867 1496 atro

184 1535 315 1599 Lumine
331 1536 483 1601 fumantes
497 1533 564 1596 fixit
579 1533 637 1596 sub
651 1546 779 1617 pectore
795 1533 903 1598 taedas.

226 1639 289 1703 Olli
304 1621 443 1702 somnum
458 1637 564 1722 ingens
579 1637 692 1720 rumpit
705 1657 822 1720 pavor:
844 1657 977 1721 ossaque
991 1648 1022 1699 et
1036 1648 1119 1700 artus

185 1739 345 1806 Perfundit
360 1751 423 1802 toto
437 1749 603 1822 proruptus
617 1757 749 1822 corpore
765 1737 871 1801 sudor.

183 1845 281 1907 Arma
295 1863 401 1906 amens
415 1840 537 1918 seemit3
559 1859 646 1904 arma
661 1851 729 1904 toro
744 1840 895 1923 tectisque
910 1841 1049 1925 requirit.
1151 1846 1215 1904 460

184 1946 279 2010 saevir
293 1967 380 2008 amor
395 1944 479 2023 ferri,
494 1955 525 2006 et
539 1939 691 2006 scelerata
706 1942 826 2006 insania
841 1939 925 2021 belli,

182 2051 234 2116 lra
249 2050 353 2133 super.
397 2047 512 2133 Magno
526 2045 621 2110 veluti
636 2066 730 2130 quum
745 2044 869 2109 flamma
883 2066 993 2109 sonore

182 2151 303 2238 Virgea
317 2151 488 2238 suggeritur
502 2149 595 2213 costis
610 2147 755 2213 undantis
770 2148 873 2227 aheni,

183 2255 409 2339 Exsultantque
425 2266 501 2317 aestu
516 2252 644 2318 latices:
667 2252 741 2316 iurit
756 2255 836 2316 intus
852 2256 946 2336 aquai

142 2387 144 2394 ¹
183 2353 331 2421 Fumidu's
347 2369 439 2440 atque
455 2352 518 2418 alte
532 2353 647 2440 spumis
662 2354 813 2418 exuberat
828 2356 944 2420 amnis:
1151 2361 1213 2418 465

182 2460 249 2524 Nee
260 2462 327 2546 jam
341 2481 375 2522 se
389 2457 473 2542 capit
487 2455 590 2535 unda3
613 2456 697 2520 volat
710 2477 809 2541 vapor
824 2470 891 2521 ater
906 2457 947 2522 ad
962 2479 1063 2522 auras.

181 2565 266 2649 Ergo
279 2561 394 2627 iterad
409 2563 523 2646 regem,
538 2560 656 2646 polluti
670 2583 760 2646 pace,
774 2562 919 2628 Latinum

182 2665 295 2730 Indicit
309 2664 414 2749 primis
425 2664 584 2750 juvenum,
598 2676 629 2727 et
639 2664 730 2750 jubet
745 2685 830 2730 arma
849 2669 966 2750 parari,

181 2770 292 2835 Tutari
308 2768 439 2847 ltaliam,
453 2767 620 2832 detrudere
636 2767 746 2832 finibus
761 2768 898 2847 hostem3

183 2874 223 2937 Se
238 2873 313 2935 satis
328 2870 480 2935 ambobus
495 2871 690 2955 'Teucrisque
705 2869 1021 2958 venireLatinisque.
1149 2881 1215 2940 470

182 2977 264 3039 Haec
279 2975 333 3037 ubi
349 2972 435 3037 dicta
449 2972 546 3048 dedit,
561 2973 712 3058 divosque
727 2973 757 3038 in
773 2973 847 3038 vota
864 2963 1000 3056 ¹vocavit,

179 3077 333 3142 Certatim
348 3097 416 3140 sese
433 3075 540 3140 Rutuli
555 3074 757 3140 exhortantur
772 3076 802 3140 in
817 3097 915 3142 arma.

181 3182 277 3245 Hunc
292 3178 389 3244 decus
405 3180 562 3264 egregium
577 3179 683 3244 formas
700 3191 802 3243 movet
817 3192 909 3264 atque
920 3181 1067 3265 juventur,

181 3284 276 3348 Hunc
292 3285 376 3346 atavi
391 3301 489 3367 reges,
501 3278 582 3344 hunc
598 3280 691 3344 claris
706 3279 838 3344 dextera
854 3281 957 3346 iactis.
1035 3339 1039 3348 .

149 3440 159 3471 Ι,
222 3383 306 3448 Dum
321 3384 445 3448 Turnus
461 3381 592 3446 Rutulos
607 3385 720 3447 animis
732 3383 902 3450 audacibus
918 3385 1032 3471 implet,
1148 3395 1218 3452 ets

147 3478 150 3492 ⁸
178 3485 302 3553 Allecto
317 3489 348 3549 in
363 3485 504 3549 Teucros
521 3486 639 3571 Stygiis
654 3507 688 3550 se
703 3489 838 3551 eoncitat
854 3486 922 3566 alis,

179 3592 256 3654 Arte
271 3586 352 3652 novi
366 3585 525 3672 speculata
541 3585 640 3650 locum
656 3607 718 3669 quo
732 3586 833 3651 littore
850 3589 980 3673 pulcher

78 3703 82 3711 “
180 3689 304 3756 insidiis
318 3709 472 3772 cursuque
488 3687 570 3752 seras
586 3688 725 3773 agitabat
741 3688 835 3753 liilus.

180 3793 247 3858 Hic
263 3794 396 3858 subitam
411 3793 541 3858 canibus
555 3791 677 3856 rabiem
693 3791 831 3877 Cocytia
846 3797 934 3880 virgo

178 3895 306 3980 objicit,
321 3908 352 3959 et
366 3908 438 3959 noto
453 3917 545 3958 nares
559 3896 708 3980 contingit
722 3893 828 3974 odore,
1147 3905 1215 3968 480

181 3993 225 4061 Ut
239 4019 365 4061 cervum
380 3995 525 4061 ardentes
540 4009 684 4083 agerent:
708 4017 777 4081 quae
792 4000 894 4081 prima
910 3997 1052 4066 laborum

162 4099 285 4168 'Calua
300 4100 367 4180 suit,
382 4098 527 4186 belloque
543 4101 661 4167 animos
677 4098 820 4170 accendit
836 4115 984 4188 agrestes.
