2956 5132
648 553 763 616 LIBER
783 557 817 618 ll.

229 709 312 774 Tum
329 705 444 786 Danai,
456 710 575 794 gemitu
591 718 685 792 atque
700 721 812 792 erepta
826 710 956 794 virginis
973 707 1028 788 iri,

231 811 383 897 Undique
397 808 520 874 collecti
537 807 708 890 invadunt;
732 813 903 874 acerrimus
918 813 1013 897 Ajax,

230 917 276 980 Et
291 917 401 1002 gemini
416 912 551 992 Atrida,
566 911 790 999 Dolopumque
806 917 962 981 exercitus
976 918 1088 981 omnis.
1207 921 1269 977 olo

232 1017 366 1084 Adversi
382 1031 474 1103 rupto
488 1039 549 1081 ceu
565 1016 722 1102 quondam
737 1017 862 1080 turbine
877 1020 961 1081 venti

232 1119 420 1206 Confligunt,
435 1117 679 1204 Zephyrusque,
694 1117 866 1204 Notusque,
881 1133 912 1182 et
926 1116 960 1180 lae
966 1130 1013 1182 tus
1029 1117 1104 1183 Eois

232 1220 334 1284 Eurus
348 1223 460 1305 equis3
482 1219 615 1283 stridunt
630 1219 735 1301 silvae3
758 1222 906 1304 saevitque
921 1219 1046 1284 tridenti

234 1323 384 1408 Spumeus
401 1335 496 1406 atque
510 1325 572 1385 imo
588 1321 709 1385 Nereus
724 1325 787 1385 ciet
802 1342 929 1407 equora
943 1321 1048 1384 lundo.

231 1425 281 1488 Illi
296 1430 401 1505 etiam,
417 1429 444 1488 si
459 1445 537 1510 quos
553 1424 689 1489 obscura
704 1438 795 1490 nocte
811 1447 868 1511 per
883 1425 1026 1488 umbram
1208 1429 1271 1489 ⁴20

233 1528 380 1594 Fudimus
396 1527 529 1607 insidiis,
544 1527 671 1612 totaque
687 1532 872 1615 agitavimus
888 1528 978 1607 urbe,

232 1635 413 1719 Apparent3
434 1633 529 1718 primi
545 1631 678 1718 clypeos
694 1637 885 1718 mentitaque
901 1630 963 1695 tela

231 1739 422 1818 Agnoscunt,
437 1749 531 1820 atque
546 1755 603 1798 ora
618 1756 695 1798 sono
709 1733 872 1799 discordia
889 1736 1024 1820 signant.

231 1835 323 1902 llicet
337 1837 499 1901 obruimur
513 1857 662 1901 numero:
687 1841 868 1922 primusque
883 1835 1049 1915 Coroebus,

230 1940 359 2006 Penelei
375 1939 497 2020 dextr-i,
511 1938 594 2004 divae
610 1944 824 2026 armipotentis
840 1941 879 2005 ad
896 1963 983 2004 aram
1208 1947 1269 2006 425
1291 1977 1293 1982 .

233 2044 437 2124 Procumbit;
458 2041 545 2108 cadit
559 2055 590 2106 et
606 2043 758 2130 Rhipeus,
768 2047 958 2132 justissimus
973 2063 1052 2106 unus

231 2148 296 2229 Qui
311 2147 368 2211 luit
383 2150 416 2211 in
431 2145 576 2226 Teucris
591 2159 622 2209 et
637 2150 889 2210 servantissimus
905 2149 1004 2230 equi:

229 2245 293 2312 Dis
308 2247 400 2312 aliter
414 2250 526 2310 visum.
572 2247 705 2312 Pereunt
721 2249 945 2334 Hypanisque,
960 2245 1158 2332 Dymasque,

232 2351 363 2415 Confixi
378 2371 400 2414 a
414 2352 526 2412 sociis:
548 2373 606 2414 nee
623 2363 652 2414 te
668 2365 720 2416 tua
735 2351 883 2438 plurima,
901 2351 1032 2430 Panthu,
1277 2417 1288 2430 ,

229 2451 415 2516 Labentem
430 2453 528 2534 pietas
542 2473 599 2515 nec
615 2451 772 2537 Apollinis
787 2451 885 2516 insula
900 2455 990 2516 texit.
1207 2457 1273 2514 430

233 2555 326 2619 iliaci
343 2557 477 2632 cineres,
493 2565 522 2616 et
538 2555 662 2619 flamma
678 2568 820 2619 extrema
834 2577 984 2636 meorum,

231 2653 358 2736 Testor,
371 2658 405 2719 in
420 2675 533 2720 occasu
549 2670 665 2734 vestro,
680 2679 738 2720 nec
754 2657 816 2721 tela
832 2680 889 2722 nee
905 2657 985 2722 ullas

232 2757 396 2822 vitavisse
412 2759 497 2820 vices
513 2755 678 2837 Danatim3
701 2772 741 2838 et,
756 2764 783 2823 si
799 2761 862 2824 lata
878 2761 1007 2825 luissent

233 2857 278 2924 Ut
293 2859 453 2937 caderem,
469 2862 620 2922 meruisse
631 2882 736 2924 manu.
781 2861 971 2925 Divellimur
986 2863 1069 2943 inde,

231 2963 354 3049 iphitus
369 2975 401 3025 et
418 2960 521 3024 Pelias
536 2982 668 3040 meeum,
684 2983 814 3047 quorum
831 2963 950 3048 iphitus
965 2985 1032 3028 aevo
1211 2971 1272 3028 435

231 3067 306 3132 Jam
320 3067 458 3153 gravior,
475 3063 579 3128 Pelias
594 3076 625 3128 et
640 3066 769 3129 vulnere
785 3065 892 3130 tardus
909 3067 1055 3154 Ulyssei:

232 3169 386 3233 Ptotenus
401 3165 443 3230 ad
459 3165 550 3230 sedes
567 3167 684 3232 Priami
699 3167 837 3232 clamore
853 3173 967 3233 vocati.

231 3270 301 3336 Hic
315 3269 393 3334 verti
409 3272 564 3355 ingentem
580 3291 724 3355 pugnam,
739 3292 798 3334 ceu
812 3285 928 3336 caetcra
942 3293 1094 3356 nusquam

230 3373 324 3440 Bella
340 3373 454 3452 l'orent,
470 3369 546 3436 nulli
561 3372 625 3436 totti
641 3389 835 3439 morerentur
850 3379 881 3439 in
896 3377 995 3439 urbe:

230 3479 287 3541 Sic
305 3477 443 3540 Martem
458 3474 651 3555 indomitum,
667 3473 859 3562 Danaosque
875 3477 915 3541 ad
932 3488 1014 3540 tecta
1030 3485 1153 3538 ruentes
1212 3477 1273 3534 440

227 3579 410 3656 Cernimus,
424 3576 648 3663 obsessumque
664 3579 735 3643 acti
749 3580 904 3644 testudine
919 3579 1026 3644 limen.

229 3682 369 3746 Haerent
385 3680 559 3766 parietibus
574 3679 677 3761 scala,
691 3695 856 3767 postesque
872 3682 931 3746 sub
946 3685 1031 3766 ipsos

231 3783 387 3850 Nituntur
401 3780 573 3868 gradibus3
595 3781 788 3870 clypeosque
805 3783 846 3847 ad
862 3781 924 3846 tela
939 3783 1072 3845 sinistris

227 3887 372 3952 Protecti
387 3885 561 3972 objiciunt;
583 3899 732 3972 prensant
748 3889 872 3972 lastigie
887 3885 1017 3948 dextris.

225 3985 427 4054 Dardanide
442 3987 553 4050 contra
567 4000 669 4056 trures
685 4011 722 4052 ac
738 4002 821 4052 tecta
836 3986 999 4050 domorum
1211 3997 1273 4056 445

225 4087 382 4154 Culmina
398 4086 598 4168 convellunt3
621 4089 670 4152 his
685 4111 729 4168 se,
744 4087 870 4174 quando
885 4085 993 4152 ultima
1006 4101 1147 4168 cernunt,

226 4191 386 4259 Extrema
397 4192 466 4278 jam
482 4192 514 4253 in
529 4205 627 4256 morte
641 4205 753 4275 parant
768 4188 936 4256 defendere
951 4190 1035 4255 telis:

546 4298 583 4355 le
