2936 5122
194 475 253 532 862
642 465 833 526 AENEtDos

241 627 315 696 rite
329 631 450 694 Arruns
464 625 556 706 subit,
571 637 602 690 et
616 625 726 690 tacitus
740 625 872 712 vestigia
886 624 1013 691 lustrat:

243 731 315 816 Qud
330 733 444 795 victrix
459 727 541 794 redit
556 727 620 808 illa,
635 727 809 813 pedemque
824 749 864 792 ex
880 727 968 794 hoste
982 741 1130 816 reportat,

244 833 318 900 Hic
329 835 454 921 juvenis
469 833 574 896 furtim
587 830 707 895 celeres
722 831 886 916 detorquet
902 833 1052 898 habenas.
1219 837 1278 896 tes

245 938 316 1003 Hos
331 933 443 1015 aditus,
453 937 582 1022 jamque
598 934 655 1000 hos
670 931 783 1013 aditus,
797 955 981 1020 omnemque
995 947 1139 1020 pererrat

245 1037 392 1124 Undique
407 1039 581 1118 circuitum,
596 1052 627 1102 et
641 1051 759 1102 certam
773 1041 874 1121 quatit
887 1040 1048 1124 improbus
1063 1039 1194 1104 hastam.

288 1141 382 1205 Forte
397 1161 487 1205 sacer
502 1139 636 1226 Cybelae
652 1138 817 1220 Chloreus,
832 1138 967 1224 olimque
983 1139 1141 1220 sacerdos,

244 1243 377 1331 insignis
391 1244 482 1330 longe
499 1242 646 1330 Phrygiis
660 1241 798 1330 fulgebat
813 1245 844 1306 in
860 1245 976 1322 armis;

247 1347 508 1432 Spumantemque
524 1347 662 1432 agitabat
677 1359 801 1430 equum,
815 1365 906 1430 quem
921 1343 1010 1431 pellis
1026 1346 1134 1412 ahenis
1220 1350 1280 1409 770

210 1455 216 1472 “
246 1449 280 1514 ln
295 1449 432 1534 plumam
447 1449 582 1532 squamis
598 1469 673 1512 auro
688 1459 831 1512 conserta
846 1448 984 1534 tegebat.

247 1553 328 1639 lpse,
342 1551 507 1639 peregrini
522 1553 679 1637 ferrugine
693 1551 797 1616 clarus
812 1561 842 1615 et
857 1564 951 1632 ostro,

247 1655 374 1741 Spicula
390 1655 556 1738 torquebat
570 1652 673 1738 Lycio
686 1653 842 1739 Gortynia
857 1673 975 1718 cornu=

246 1759 369 1822 Aureus
383 1779 424 1822 ex
440 1757 577 1822 humeris
592 1767 681 1820 sonat
695 1775 797 1835 arcus,
811 1767 842 1819 et
857 1775 951 1820 aurea
963 1757 1029 1820 vati

245 1859 399 1924 Cassida:
413 1872 477 1924 tum
486 1877 631 1922 croceam
643 1855 908 1943 chlamydemque
920 1859 1064 1942 sinusque
1075 1873 1240 1945 crepantes

245 1960 426 2026 Carbaseos
440 1960 525 2025 fulvo
540 1961 572 2024 in
586 1959 701 2024 nodum
716 1959 886 2046 collegerat
900 1981 987 2042 auro,
1221 1967 1280 2026 776

246 2067 351 2132 Pictus
366 2089 424 2132 acu
440 2069 570 2145 tunicas,
585 2079 616 2129 et
631 2066 770 2131 barbara
784 2071 918 2154 tegmina
933 2089 1070 2133 crurum.

245 2171 341 2234 Hunc
356 2171 454 2258 virgo,
468 2171 533 2234 sive
548 2181 581 2232 ut
596 2167 719 2254 templis
733 2169 907 2256 prefigeret
921 2189 1009 2234 arma

245 2271 352 2351 Troia,
366 2275 492 2357 captivo
507 2271 572 2335 sive
586 2283 620 2334 ut
634 2293 668 2334 se
683 2271 778 2334 ferret
792 2273 823 2334 in
840 2291 915 2334 auro

245 2373 414 2454 venatrix,
428 2395 522 2438 unum
537 2395 578 2438 ex
593 2375 676 2438 omni
692 2373 862 2437 certamine
877 2393 988 2459 pugnae

245 2474 342 2540 Caeca
357 2475 567 2560 sequebatur3
589 2485 746 2557 totumque
759 2477 884 2540 incauta
898 2495 957 2560 per
971 2494 1080 2562 agmen

245 2578 407 2645 Foemineo
420 2577 536 2664 praedoe
552 2589 582 2642 et
597 2577 767 2664 spoliorum
781 2577 913 2642 ardebat
927 2599 1046 2644 amore.

245 2680 358 2746 Telum
373 2703 414 2745 ex
430 2679 550 2745 insidiis
565 2699 658 2763 quum
674 2679 800 2745 tandem
815 2692 955 2766 tempore
969 2693 1063 2767 capto

244 2784 400 2863 Concitet,
414 2797 446 2848 et
460 2783 594 2869 Superos
610 2785 728 2848 Arruns
743 2785 788 2848 sic
802 2803 881 2848 voce
894 2797 1062 2869 precatum
1125 2863 1132 2878 κ

246 2883 370 2952 Summe
385 2885 488 2966 dessm,
503 2888 602 2950 sancti
617 2897 721 2951 custos
737 2885 874 2950 Soractis
891 2885 1013 2971 Apollo,

244 2990 345 3073 Quem
360 2988 451 3076 primi
465 2986 606 3068 colimus,
620 2987 671 3052 cui
685 2991 796 3073 pineus
811 2985 907 3053 ardor
921 3009 1038 3054 acervo

246 3090 397 3170 Pascitur,
412 3103 442 3154 et
458 3089 593 3154 medium
608 3089 678 3152 freti
692 3089 808 3174 pietate
822 3107 881 3174 per
894 3091 998 3175 ignem

247 3192 391 3258 cultores
406 3190 501 3257 multai
515 3175 683 3276 premimus
698 3193 830 3278 vestigia
845 3190 965 3276 prunS;

247 3295 310 3377 Da,
324 3307 423 3381 pater,
438 3293 497 3358 hoc
513 3293 624 3358 nostris
640 3292 761 3359 aboleri
776 3291 914 3359 dedecus
929 3297 1035 3375 armis,

246 3399 459 3484 Omnipotens.
504 3395 573 3460 Non
589 3396 727 3476 exuvias,
741 3396 879 3481 pulsaeve
898 3407 1049 3482 tropeum

246 3501 397 3588 Virginis,
412 3512 464 3564 aut
478 3497 578 3585 spolia
593 3497 655 3564 ulla
669 3511 762 3584 peto;
784 3499 860 3564 mihi
875 3512 991 3564 cetera
1006 3497 1131 3565 laudem

247 3603 344 3668 Facta
360 3603 477 3670 ferent:
501 3601 569 3666 hec
583 3599 653 3667 dira
667 3623 738 3667 men
752 3601 825 3667 dum
839 3603 967 3669 uulnere
981 3605 1077 3688 pestis

248 3707 341 3772 Pulsa
355 3705 457 3786 cadat,
471 3709 590 3791 patrias
604 3706 753 3770 remeabo
767 3705 915 3792 inglorius
929 3707 1035 3773 urbes.

247 3811 363 3892 Audiit,
377 3823 407 3876 et
420 3814 484 3876 voti
502 3811 637 3876 Phoebus
652 3807 822 3876 succedere
835 3824 958 3896 partem

247 3915 353 3980 Mente
367 3913 463 3994 dedit,
476 3927 596 4000 partem
611 3913 753 3980 volucres
765 3911 916 3999 dispersit
930 3917 962 4004 in
977 3935 1080 3982 auras.

246 4019 405 4082 Sterneret
419 4030 452 4082 ut
466 4017 567 4081 subiti
582 4018 737 4082 turbatam
751 4029 849 4083 morte
863 4003 1042 4102 Camillam,

247 4120 363 4188 Annuit
377 4121 497 4187 oranti:
519 4119 667 4188 reducem
682 4135 715 4187 ut
728 4125 833 4210 patria
846 4122 910 4190 alta
923 4121 1054 4202 videret,
