2956 5132
657 515 775 576 uranu
794 517 830 576 ll.

252 635 407 748 Verierat,
420 668 528 732 insano
543 661 731 728 Cassandrae
746 663 888 730 incensus
898 684 1024 745 amore3

250 775 294 840 Et
309 794 403 860 gener
414 767 566 836 auxilium
583 767 705 832 Priamo
719 765 959 854 Phrygibusque
973 767 1115 851 ferebat3

252 878 374 958 infelix,
388 876 439 962 qui
453 896 517 940 non
531 891 650 957 sponsae
665 884 824 957 precepta
837 871 965 938 furentis
1223 881 1286 940 ³45

254 979 405 1046 Audierit.

254 1084 338 1164 Quos
353 1084 407 1148 ubi
421 1081 580 1148 confertos
595 1077 709 1144 audere
724 1077 756 1143 in
770 1077 880 1163 proelia
894 1077 971 1160 vidi,

253 1186 374 1272 Incipio
389 1205 483 1272 super
498 1183 567 1248 bis:
589 1181 735 1262 iuvenes,
751 1180 916 1247 fortissima
930 1183 1044 1250 frustra

256 1287 399 1368 Pectora,
414 1288 442 1351 si
455 1286 544 1351 vobis
558 1282 724 1350 audentem
742 1296 883 1349 extreme
896 1285 1009 1370 cupido

252 1391 466 1477 Certasequi‚
481 1411 549 1476 qum
564 1391 603 1454 sit
617 1390 712 1454 rebus
730 1389 852 1455 fortuna
867 1388 996 1454 videtis:
1229 1387 1291 1458 850

143 1551 148 1564 .
255 1495 431 1562 Excessere
446 1516 563 1575 omnes,
578 1491 683 1580 adytis
697 1496 821 1579 erisque
835 1492 962 1574 relictis,

255 1596 304 1661 Di
318 1599 430 1684 quibus
444 1600 611 1684 imperium
627 1595 687 1662 boc
702 1609 844 1662 steterat:
869 1599 1052 1663 succurritis
1065 1597 1136 1663 urbi

255 1699 413 1766 lucense:
437 1703 619 1780 moriamur,
633 1713 665 1762 et
679 1702 711 1764 in
726 1699 831 1764 medis
846 1721 934 1765 arma
949 1721 1095 1790 ruamus}

256 1799 333 1866 Una
347 1802 429 1867 salus
443 1806 536 1868 victis
550 1801 669 1866 nullam
684 1822 812 1888 sperare
827 1802 967 1869 salutem.

254 1903 314 1967 Sic
329 1907 439 1968 animis
449 1906 601 1991 juvenum
616 1903 702 1966 furor
717 1901 853 1968 additus.
877 1904 963 1985 lude,
977 1903 1044 1989 lupi
1058 1927 1117 1972 ceu
1231 1913 1291 1975 355

256 2005 426 2092 Raptores,
440 2007 510 2070 atri
525 2008 558 2070 in
572 2003 697 2085 nebulis,
713 2027 791 2092 quos
806 2008 951 2093 improba
965 2014 1084 2076 ventris

254 2109 374 2196 Exegit
388 2131 490 2174 caecos
505 2108 621 2188 rabies,
636 2108 794 2194 catulique
809 2109 913 2174 relicti
954 2137 960 2159 ν

254 2213 420 2278 Faucibus
434 2225 618 2298 exspectant
632 2214 737 2292 siccis,
751 2233 809 2298 per
824 2211 898 2294 tela,
913 2235 971 2300 per
985 2214 1099 2299 hostes,

256 2315 418 2383 Vadimus
432 2313 517 2378 haud
531 2312 661 2379 dubiam
676 2316 709 2378 in
723 2327 875 2396 mortem;
898 2315 1072 2404 mediaque
1087 2332 1225 2389 tenemus

253 2417 361 2484 Urbis
375 2419 456 2480 iter:
478 2437 538 2482 uox
552 2429 622 2482 atra
636 2415 717 2480 cavi
729 2416 936 2483 circumvolat
950 2419 1072 2487 umbris.
1233 2431 1294 2493 360

253 2524 343 2606 Quis
352 2518 474 2585 cladem
489 2518 569 2586 illius
584 2524 695 2601 noctis,
706 2525 775 2606 quis
790 2522 901 2608 bruera
914 2524 1010 2591 lando

254 2625 419 2714 Explicet,
434 2639 485 2690 aut
498 2629 597 2712 possit
611 2624 762 2713 lacrymis
776 2649 902 2712 sequare
916 2627 1064 2696 laboresl

256 2729 349 2796 Urbs
364 2732 491 2814 antiqua
505 2733 577 2809 ruit,
591 2728 704 2794 multos
718 2728 878 2796 dominata
892 2754 950 2818 per
966 2755 1081 2816 annos3

258 2833 400 2900 Plurima
414 2854 533 2919 perque
548 2835 618 2898 vias
632 2845 809 2898 sternuntur
822 2838 936 2901 inertia
951 2841 1068 2921 passim

256 2935 417 3021 corpora,
430 2955 550 3020 perque
565 2932 685 3014 domos,
699 2948 730 2999 et
743 2934 904 3022 relligiosa
918 2936 1048 3004 deorum
1234 2949 1294 3010 365

257 3039 400 3106 Limina.
422 3037 491 3104 Nec
506 3036 564 3103 soli
579 3057 688 3124 poeuas
704 3037 780 3104 dant
794 3043 943 3126 sanguine
958 3041 1093 3123 Teucri3

260 3139 430 3224 Quondam
444 3143 540 3204 etiam
554 3142 646 3204 victis
661 3140 744 3206 redit
758 3144 791 3206 iu
806 3141 981 3226 precordia
996 3145 1110 3210 virtus:
1170 3207 1176 3215 .

258 3245 472 3328 Victoresque
486 3241 602 3308 cadunt
617 3243 740 3310 Danai:
764 3244 900 3310 crudelis
915 3247 1032 3333 ubique

260 3347 390 3425 Luctum,
404 3347 521 3430 ubique
537 3367 646 3431 pavor,
660 3361 692 3411 et
705 3347 840 3433 plurima
855 3353 962 3413 mortis
977 3353 1091 3438 imago.

305 3449 427 3514 Primus
442 3470 486 3529 se,
500 3449 648 3514 Danairm
663 3449 775 3536 magni
788 3453 955 3516 comitante
969 3453 1106 3535 catervi,
1234 3463 1296 3522 370

260 3551 448 3639 Androgeus
462 3549 552 3616 offert
567 3553 668 3632 nobis,
682 3555 769 3618 socia
784 3557 908 3640 agmina
923 3551 1056 3620 credens

261 3655 403 3733 lascius3
423 3669 517 3740 atque
531 3652 612 3718 ultro
627 3654 733 3720 verbis
747 3655 916 3740 compellat
929 3654 1056 3722 amicis:
1088 3686 1090 3695 2

261 3755 431 3836 Festinato,
447 3755 524 3836 viri3
544 3779 616 3821 nam
631 3777 701 3842 qum
717 3771 779 3822 tam
795 3779 866 3824 sera
881 3771 1020 3824 moratur

233 3903 239 3910 ,
261 3858 438 3944 Segnitiesi
460 3857 514 3923 alii
528 3861 653 3944 rapiunt
665 3862 794 3924 incense
808 3861 972 3944 feruntque

208 3963 214 3988 ¹
258 3961 437 4048 Pergama3
458 3982 515 4026 vos
529 3959 621 4026 celsis
636 3984 716 4028 nunc
732 3958 866 4047 primtim
881 3963 1043 4030 anavibus
1057 3967 1125 4030 itis!
1233 3979 1294 4038 375

257 4063 359 4146 Dixit,
373 4079 406 4130 et
420 4062 578 4149 extemplo
591 4065 800 4150 (nequeenim
814 4085 963 4151 responsa
978 4066 1133 4136 dabantur

258 4167 340 4235 Fida
354 4169 450 4252 satis)
464 4169 559 4236 sensit
572 4169 691 4238 medios
701 4167 848 4254 delapsus
861 4171 894 4238 in
905 4168 1019 4240 hostes.
