2956 5132
695 513 811 575 LIBER
830 513 852 574 l.

281 667 456 753 Disjectam
473 663 576 729 AEnee
591 673 654 726 toto
669 662 756 727 videt
769 681 892 747 equore
906 661 1047 745 classem,

282 769 443 834 Fluctibus
458 785 624 853 oppressos
639 763 741 829 Troas
754 762 890 850 coelique
905 765 1006 830 ruini.

276 867 350 939 Nec
366 868 484 934 latuere
499 867 564 932 doli
580 868 707 932 fratrem
721 867 853 931 Junonis
867 879 898 930 et
913 869 976 930 ire.
1120 927 1128 944 ,
1252 866 1312 933 130

281 974 399 1038 Eumm
414 973 455 1038 ad
470 993 504 1036 se
519 971 767 1056 Zephyrumque
780 981 892 1050 vocat;
913 967 1027 1036 dehinc
1043 969 1120 1037 talia
1133 971 1233 1036 sature

282 1075 426 1140 Tantane
440 1095 496 1138 vos
510 1075 633 1160 generis
647 1073 744 1137 tenuit
759 1069 875 1136 fiducia
888 1075 1006 1136 vestri?

281 1178 355 1243 Jam
370 1177 484 1242 coelum
500 1190 676 1260 terramque
690 1195 761 1239 meo
775 1178 842 1240 sine
857 1177 991 1256 numine,
1005 1178 1099 1257 venti,

281 1279 430 1358 Miscere,
441 1293 472 1342 et
486 1291 586 1342 tantas
603 1276 724 1342 audetis
739 1275 848 1341 tollere
863 1275 982 1342 moles?

278 1381 368 1463 Quos
383 1403 506 1468 ego...
519 1380 581 1444 Sed
596 1393 694 1444 motos
707 1392 833 1464 prestat
847 1401 1035 1464 componere
1049 1379 1168 1446 fluctum
1247 1384 1308 1445 tas

282 1485 356 1550 Pdst
371 1485 447 1551 mihi
462 1507 523 1550 non
538 1483 633 1548 simili
647 1484 740 1569 poenai
754 1487 919 1548 commissa
934 1482 1035 1550 luetis.

281 1589 441 1652 Maturate
455 1589 569 1676 sugam,
583 1589 712 1672 regique
727 1585 792 1650 hec
807 1584 903 1650 dicite
916 1599 1039 1652 vestro:

279 1689 355 1753 Non
370 1687 415 1752 illi
429 1691 593 1774 imperium
607 1686 721 1774 pelagi,
736 1707 911 1772 serumque
925 1686 1100 1769 tridentem,

281 1789 348 1854 Sed
363 1791 437 1854 mihi
451 1803 534 1854 sorte
549 1787 667 1854 datum.
710 1789 812 1854 Tenet
826 1786 878 1853 ille
893 1792 1041 1855 immania
1055 1808 1143 1873 saxa,

277 1893 426 1972 Vestras,
440 1893 533 1975 Eure,
548 1894 675 1960 domos:
697 1893 800 1960 illase
809 1897 954 1982 jactetin
969 1895 1042 1962 aula
1250 1903 1309 1964 140

277 1993 399 2076 AEolus,
414 2010 444 2060 et
457 1995 566 2062 clauso
580 2010 742 2062 ventorum
756 2019 886 2062 carcere
900 2011 1019 2084 regnet.

323 2104 377 2168 Sic
393 2107 447 2186 ait,
461 2119 492 2168 ct
502 2105 588 2170 dicto
602 2103 694 2171 cititis
709 2104 827 2171 tumida
842 2105 968 2191 equora
981 2105 1096 2190 placat,

278 2203 503 2291 collectasque
519 2207 603 2294 litgat
617 2207 725 2290 nubes,
739 2207 898 2293 solemque
913 2205 1046 2272 reducit.

278 2307 475 2395 Cymothoe,
489 2308 623 2374 simulet
637 2309 748 2376 Triton
764 2309 909 2388 adnixus,
924 2322 1017 2373 acuto

273 2407 462 2476 Detrudunt
477 2429 571 2475 nares
584 2411 730 2498 scopulo:
753 2412 837 2478 levat
851 2415 918 2499 ipse
934 2410 1079 2494 tridenti;
1253 2405 1311 2476 tis

275 2515 319 2578 Et
334 2527 443 2578 vastas
458 2517 557 2598 aperit
570 2529 683 2601 syrtes,
698 2528 729 2578 et
743 2528 895 2601 temperat
910 2534 1034 2600 equor3

276 2619 385 2701 Atqu'e
401 2619 476 2680 rotis
490 2637 624 2681 summas
640 2617 761 2682 levibus
775 2614 950 2704 perlabitur
965 2615 1076 2683 undas.

276 2721 328 2783 Ac
343 2717 440 2782 veluti
454 2740 566 2806 magno
580 2724 612 2784 in
626 2719 742 2807 populo
758 2741 851 2805 quum
866 2721 947 2806 sepe
962 2733 1072 2786 coorta
1085 2733 1133 2786 est

277 2819 411 2900 Seditio‚
425 2825 572 2907 seritque
587 2825 699 2887 animis
713 2821 851 2910 ignobile
865 2821 993 2908 vulgus3

274 2919 415 3007 Jamque
430 2924 515 2988 laces
530 2935 561 2988 et
575 2945 654 2988 saxa
667 2922 792 3002 volant3
814 2923 900 2988 furor
914 2943 1002 2988 arma
1016 2927 1187 2988 ministrate
1248 2925 1309 2986 150

277 3024 373 3104 Tum,
387 3028 501 3110 pietate
516 3043 644 3112 gravem
659 3047 697 3090 ac
712 3029 830 3090 meritis
845 3029 873 3090 si
888 3025 967 3091 sorte
981 3029 1082 3092 virum
1097 3047 1190 3113 quem

278 3123 495 3211 comperire,
509 3125 610 3207 silent,
625 3130 819 3212 arrectisque
833 3128 962 3192 auribus
977 3126 1120 3208 adstant3

279 3227 343 3292 lste
357 3232 436 3316 regit
450 3229 542 3294 dictis
557 3233 686 3308 animos,
701 3242 732 3294 et
745 3243 875 3315 pectora
889 3229 1013 3293 mulcet.

279 3333 335 3396 Sic
350 3345 479 3396 cunctos
492 3330 596 3420 pelagi
611 3331 727 3396 cecidit
741 3333 856 3419 fragor,
871 3353 994 3418 equora
1008 3342 1172 3418 postquam

278 3433 481 3518 Prospiciens
493 3438 623 3520 genitor,
637 3433 781 3519 coeloque
796 3437 935 3500 invectus
950 3444 1069 3517 aperto,
1249 3433 1315 3494 151

278 3535 396 3602 Flectit
411 3558 516 3622 equos,
529 3557 685 3622 curruque
700 3537 808 3602 volans
824 3535 878 3602 dat
892 3535 960 3600 lora
975 3531 1124 3602 secundo.

277 3639 408 3704 Defessi
424 3638 577 3720 AEmeada,
591 3661 659 3727 que
674 3644 827 3727 proxima,
842 3639 946 3704 littora
960 3657 1054 3702 cursu

277 3737 483 3804 Contendunt
496 3756 612 3828 petere,
626 3757 657 3806 et
668 3743 779 3828 Libye
794 3753 955 3806 vertuntur
970 3737 1011 3804 ad
1025 3757 1108 3802 oras.

277 3841 342 3906 Est
357 3842 388 3904 in
403 3857 526 3907 secessu
540 3843 631 3930 longo
646 3843 751 3908 locust
773 3843 873 3908 insula
887 3855 1011 3928 portum

273 3943 387 4012 Efficit
402 3943 527 4032 objectu
541 3945 682 4026 laterum,
697 3945 810 4030 quibus
824 3947 924 4009 omnis
939 3942 981 4008 ab
996 3939 1060 4006 alto
1252 3946 1311 4006 160

273 4047 452 4132 Frangitur
465 4050 557 4132 inque
572 4050 656 4112 sinus
671 4047 786 4112 scindit
799 4067 868 4110 sese
882 4042 967 4109 unda
982 4041 1139 4108 reductos.

273 4149 371 4215 Hine
387 4157 482 4232 atque
497 4145 569 4216 hinc
584 4162 676 4215 rasta
691 4169 784 4234 rupes
798 4147 974 4233 geminique
989 4148 1145 4213 minantur
