2936 5122
690 481 807 546 UBER
827 481 891 546 ΧΗ.
1077 531 1087 544 .
1261 487 1321 550 885

287 633 358 715 Nec
373 663 473 726 mora,
487 663 545 708 nec
559 644 703 728 requies:
725 652 814 704 vasto
828 637 998 706 certamine
1013 638 1152 705 tendunt.
1185 709 1190 714 ,

336 750 403 813 Hic
418 760 553 813 mentem
570 745 675 810 AEneae
689 747 831 830 genetrix
845 742 1057 830 pulcherrima
1072 743 1153 828 misit

231 863 236 878 '
285 855 354 919 iret
368 864 401 916 ut
415 850 461 916 ad¹
472 871 586 930 muros,
599 846 730 932 urbique
745 846 922 911 adverteret
936 867 1047 932 agmen
1134 841 1137 848 ’
1260 854 1322 910 555

288 951 397 1034 Osiris,
412 967 444 1016 et
457 951 559 1016 subita
573 950 713 1014 turbaret
726 947 818 1012 clade
834 947 973 1012 Latinos.

289 1056 357 1136 ille,
371 1070 413 1136 ut,
427 1055 582 1140 vestigans
596 1051 722 1116 diversa
736 1071 792 1137 per
808 1051 931 1136 agmina
945 1049 1095 1130 Turnum,

288 1160 364 1223 Huc
380 1169 474 1241 atque
489 1155 549 1219 huc
564 1154 649 1219 acies
664 1152 860 1232 circumtulit,
874 1151 1007 1237 adspicit
1020 1152 1130 1215 urbem

287 1263 457 1328 Immunem
470 1261 550 1346 'tanti
565 1256 640 1322 belii
655 1269 749 1342 atque
764 1256 887 1342 impune
903 1258 1051 1341 quietam.

234 1367 242 1380 '
286 1360 444 1428 Continui
458 1381 568 1448 pugnae
583 1357 727 1424 accendit
740 1358 866 1445 majoris
880 1357 993 1444 imago.
1258 1361 1320 1420 560

288 1466 465 1546 Mnesthea,
480 1465 719 1550 Sergestumque
733 1475 835 1542 vocet,
849 1461 1022 1546 sortemque
1038 1461 1203 1540 Serestum,

287 1571 466 1647 Ductores3
488 1565 697 1651 tumulumque
712 1564 805 1650 capit,
820 1562 882 1650 qud
896 1577 1011 1628 cetera
1026 1563 1184 1628 Teucrum

288 1673 459 1738 Concurrit
474 1668 574 1756 legib3
595 1689 654 1733 nec
668 1681 756 1733 scuta
771 1681 824 1732 aut
838 1667 956 1754 spicula
967 1665 1056 1732 densi

286 1776 469 1862 Deponunt.
512 1771 607 1836 Celso
623 1771 741 1836 medius
756 1785 840 1836 stans
849 1791 968 1856 aggere
983 1772 1081 1836 satur:

287 1879 402 1965 Neque
414 1879 495 1942 meis
509 1887 575 1940 esto
590 1873 681 1939 dictis
696 1894 800 1938 mora:
823 1874 945 1959 Jupiter
960 1872 1018 1938 heic
1034 1885 1111 1938 stat:
1256 1877 1317 1934 565
1398 1866 1400 1870 ’

287 1983 358 2048 Neu
375 1983 443 2065 quis
458 1979 501 2044 ob
516 1982 671 2063 inceptum
687 1977 820 2042 subitum
836 1977 911 2041 mibi
927 1979 1051 2064 segnior
1064 1979 1119 2041 ito.

289 2083 411 2149 Urbem
426 2081 528 2162 bodie,
541 2101 668 2146 causam
683 2079 769 2160 beili,
784 2099 880 2168 regna
895 2080 962 2166 ipsa
977 2079 1091 2162 Latini,

285 2188 329 2253 Ni
345 2187 471 2251 frenum
487 2184 631 2270 accipere
645 2195 677 2248 et
692 2183 765 2248 victi
779 2204 893 2268 parere
908 2184 1051 2265 intentur,

287 2289 417 2370 Eruam,
430 2279 466 2351 et¹
475 2305 565 2372 aequa
580 2284 645 2350 solo
660 2284 807 2350 sumentia
822 2283 957 2350 culmina
971 2309 1096 2372 ponam.

235 2422 241 2440 ·
286 2391 415 2457 Scilicet
430 2403 607 2476 exspectem
622 2388 717 2453 libeat
730 2386 805 2452 dum
820 2387 933 2474 proelia
946 2387 1054 2454 Turno
1256 2389 1318 2453 570

286 2495 402 2560 Nostra
417 2495 493 2578 pati,
506 2511 672 2576 rursusque
687 2489 762 2558 vdit
775 2511 962 2556 concurrere
978 2491 1104 2558 victus?

286 2599 361 2664 Hoc
376 2607 513 2682 capus-o
528 2598 623 2674 cives,
638 2593 705 2658 baee
721 2593 797 2659 belli
811 2617 929 2660 summa
944 2594 1083 2660 nefandi.

287 2700 379 2764 Ferte
394 2699 481 2763 iaces
495 2697 640 2783 properti,
654 2696 817 2782 foedusque
832 2701 987 2783 reposcite
1005 2697 1147 2765 flammis.

285 2801 442 2866 Dixerat:
465 2813 559 2884 atque
574 2799 683 2864 animis
698 2803 816 2884 pariter
831 2800 1024 2866 certantibus
1040 2823 1146 2868 omnes

238 2923 242 2940 '
284 2905 370 2972 Dant
383 2925 525 2982 cuneum,
539 2903 698 2988 densique
714 2904 755 2969 ad
771 2925 874 2969 muros
889 2905 969 2970 mole
985 2906 1134 2972 feruntur.
1253 2916 1314 2976 575

285 3009 386 3075 Sealae
401 3005 579 3093 improviso,
593 3007 775 3093 subitusque
790 3009 932 3094 apparuit
948 3008 1035 3094 ignis.

282 3113 472 3178 Discurrunt
488 3108 539 3174 aiii
555 3108 595 3172 ad
611 3122 725 3194 portas,
740 3113 918 3196 primosque
934 3111 1110 3197 trucidant3

284 3216 414 3282 Ferrum
430 3212 482 3277 alii
497 3225 649 3296 torquent,
665 3224 695 3274 et
710 3211 898 3278 obumbrant
911 3213 1028 3280 ethera
1044 3217 1122 3282 telis.

283 3321 353 3407 lpse
368 3319 447 3382 inter
462 3319 578 3401 primos
592 3314 735 3382 dextram
750 3315 809 3379 sub
824 3323 939 3384 moenia
953 3319 1053 3386 tendit

283 3419 409 3499 AEneas,
424 3415 596 3502 magnaque
611 3419 732 3482 incusat
746 3439 823 3484 voce
838 3419 1002 3488 Latinum:

284 3524 492 3606 Testatunque
507 3518 582 3583 deos
597 3521 707 3585 iterum
722 3543 756 3586 se
771 3523 812 3588 ad
827 3525 939 3610 proelia
954 3529 1034 3611 cogi,

284 3625 337 3692 Bis
347 3627 415 3714 jam
431 3621 523 3688 ltaios
538 3621 652 3702 hosteS,
667 3622 735 3687 haec
752 3625 849 3690 altera
864 3625 983 3690 ioedera
998 3627 1111 3710 rumpi.

283 3729 430 3794 Exoritur
445 3723 582 3812 trepidos
597 3729 677 3791 inter
691 3726 852 3792 discordia
866 3728 970 3792 cives:

283 3829 404 3894 Urbem
420 3827 472 3894 aiii
486 3849 628 3892 reserare
638 3827 760 3916 jubent,
775 3843 805 3893 et
819 3827 958 3914 pandere
972 3840 1079 3916 portas

282 3929 484 4008 Dardanidis,
499 3933 660 4018 ipsumque
675 3930 801 3995 trahunt
815 3933 846 3994 in
862 3936 977 3996 moenia
992 3953 1120 4020 regem5
1249 3945 1310 4002 585

285 4036 378 4100 Arma
394 4034 494 4098 serunt
510 4031 573 4112 alii,
587 4047 618 4098 et
632 4045 764 4121 pergunt
778 4031 947 4098 defendere
961 4056 1077 4100 muros.

285 4135 419 4202 inclusas
433 4149 467 4203 ut
481 4155 575 4220 quum
589 4133 747 4202 latebroso
761 4135 791 4200 in
806 4135 928 4221 pumice
942 4149 1049 4222 pastor
