2978 5124
697 499 815 564 UBER
835 501 870 564 X.

340 669 460 736 Interea
473 668 595 753 genitor
608 663 751 730 Tiberini
766 661 807 728 ad
822 662 955 728 fluminis
969 657 1082 726 undam

263 753 269 766 ’
295 771 438 837 Vulnera
452 767 593 834 siccabat
607 766 753 854 lymphis,
766 785 942 851 corpusque
957 763 1093 845 levabat,

296 875 426 940 Arboris
441 872 570 938 acclinis
585 885 710 936 trunco:
732 868 841 955 procul
855 891 937 933 aerea
951 872 1047 934 ramis
1261 875 1324 932 835

297 975 461 1062 Dependet
474 973 576 1062 galea,
590 988 621 1038 et
635 986 725 1059 prato
738 973 849 1058 gravia
864 991 952 1036 arma
966 972 1137 1056 quiescunt.

297 1081 384 1146 Stant
398 1079 470 1144 lecti
484 1077 601 1144 circium
611 1079 762 1166 juvenes:
785 1080 853 1162 ipse
868 1097 960 1164 ager,
974 1076 1134 1156 anhelans,

296 1181 386 1246 Colla
399 1181 493 1262 fovet,
506 1181 592 1245 susus
605 1201 775 1266 propexam
790 1180 820 1242 in
835 1191 964 1264 pectore
979 1178 1123 1244 barbam.

297 1284 393 1351 Multa
407 1305 501 1370 super
515 1283 620 1348 Lauso
634 1286 756 1369 rogitat,
771 1281 960 1368 multumque
975 1284 1103 1348 remittit

294 1389 355 1471 Qui
368 1399 527 1468 revocent,
542 1385 704 1470 moestique
720 1387 821 1450 serant
834 1385 980 1451 mandata
994 1386 1142 1472 parentis.
1263 1391 1325 1450 ato

295 1493 336 1554 At
349 1490 486 1555 Lausum
501 1493 579 1554 socii
594 1491 769 1554 exanimem
783 1511 877 1576 super
893 1511 980 1554 arma
995 1489 1137 1554 ferebant

295 1589 427 1672 Flentes,
442 1593 606 1680 ingentem,
620 1605 713 1678 atque
727 1595 844 1680 ingenti
859 1591 987 1658 vulnere
1002 1591 1126 1657 victum.

295 1702 429 1786 Agnovit
443 1700 534 1788 longi
548 1700 694 1787 gemitum
708 1719 850 1786 praesaga
866 1697 939 1765 mali
954 1720 1058 1778 mens3

295 1803 447 1870 Canitiem
462 1803 558 1868 multo
572 1803 726 1868 deformat
740 1803 880 1889 pulvere,
895 1817 927 1868 et
940 1803 1049 1868 ambas
1328 1863 1329 1872 ,

293 1905 344 1972 sd
357 1905 471 1972 coelum
486 1905 585 1972 tendit
598 1905 728 1993 palmas,
744 1919 774 1972 et
788 1927 921 1994 corpore
935 1906 1091 1972 inhaeret:
1262 1911 1324 1970 845

295 2009 435 2074 Tantane
448 2031 500 2076 me
516 2013 613 2074 tenuit
627 2008 764 2088 vivendi,
778 2023 861 2090 nate,
875 2008 1030 2096 voluptas,

296 2109 338 2176 Ut
352 2133 410 2197 pro
424 2133 474 2176 me
489 2109 593 2176 hostili
607 2123 734 2197 paterer
747 2109 919 2176 succedere
935 2108 1055 2175 dextrae

294 2214 394 2297 Quem
408 2214 523 2301 genuit
543 2225 635 2278 tuane
650 2213 717 2278 haec
731 2216 854 2301 genitor
866 2235 925 2299 per
939 2212 1067 2278 vulnera
1082 2231 1201 2292 servor,

295 2315 396 2380 Morte
410 2315 462 2388 tua
476 2318 608 2380 visensi
630 2316 710 2380 heu!
732 2335 814 2380 nunc
830 2317 943 2380 misero
957 2314 1035 2378 mihi
1050 2311 1174 2376 demum

295 2415 446 2482 Exsilium
461 2417 580 2497 infelix,
594 2439 675 2484 nunc
690 2415 752 2482 alte
768 2416 877 2480 vulnus
889 2415 1051 2482 adactum!
1265 2419 1327 2477 85⁰

296 2517 380 2582 ldem
394 2539 461 2604 ego,
475 2531 558 2599 nate,
572 2532 656 2584 tuum
671 2517 826 2584 maculavi
841 2519 970 2586 crimine
985 2539 1107 2596 nomen,

295 2620 403 2685 Pulsus
418 2621 460 2686 ob
474 2621 623 2686 invidiam
637 2621 715 2686 solio
729 2622 922 2707 sceptrisque
936 2623 1086 2708 paternis.

293 2719 474 2787 Debueram
488 2723 598 2808 patria
612 2743 721 2810 poenas
735 2721 878 2808 odiisque
892 2743 1049 2788 meorum:
1122 2787 1126 2794 ,

293 2823 409 2890 Omnes
423 2846 481 2910 per
495 2837 609 2890 mortes
624 2827 758 2890 animam
774 2839 892 2892 sontem
907 2827 973 2914 ipse
987 2824 1156 2890 dedissem.

293 2923 383 2990 Nunc
398 2929 492 3006 vivo;
513 2949 614 3013 neque
629 2926 731 2992 adbuc
747 2927 887 2994 homines
902 2928 1065 3014 lucemque
1080 2928 1233 3010 relinquo.
1265 2931 1325 2989 855

294 3028 356 3093 Sed
373 3027 522 3114 linquam.
566 3029 664 3095 Simul
679 3029 739 3094 boc
754 3029 861 3096 dicens
876 3031 1033 3098 attollitis
1047 3051 1164 3118 aegrum

193 3139 201 3146 '
296 3131 336 3198 Se
352 3132 472 3212 lemur3
493 3145 533 3212 et,
548 3153 724 3218 quanquam
739 3133 786 3198 vis
801 3133 864 3198 alto
878 3135 1007 3201 vulnere
1021 3135 1134 3214 tardat,

292 3233 391 3300 Haud
406 3233 555 3322 dejectus,
569 3257 683 3320 equum
697 3234 771 3300 duci
781 3237 882 3323 jubet.
926 3237 1001 3303 Hoc
1015 3237 1111 3302 decus
1126 3234 1183 3316 illi,

293 3335 368 3401 Hoc
383 3336 521 3402 solamen
535 3351 626 3418 erat,
648 3337 739 3402 bellis
754 3337 813 3404 hoc
829 3339 929 3405 victor
942 3340 1052 3406 abibat

292 3437 459 3504 Omnibus.
502 3437 678 3525 Alloquitur
692 3454 882 3523 moerentem,
896 3457 927 3506 et
942 3442 1055 3508 talibus
1070 3439 1155 3506 iniit:
1266 3443 1328 3502 860

296 3539 431 3623 Rboebe,
444 3541 508 3622 diu,
523 3563 573 3606 rer
587 3541 614 3606 si
628 3563 690 3626 qua
704 3541 759 3606 diu
774 3541 957 3608 mortalibus
972 3543 1036 3608 ulla
1051 3555 1107 3622 est,

294 3641 460 3708 Viximus:
483 3657 536 3710 aut
551 3642 644 3708 hodie
658 3644 758 3709 victor
773 3644 873 3731 spolia
887 3644 943 3710 illa
956 3657 1086 3710 cruenta
1124 3673 1130 3684 ·

295 3745 335 3810 Et
349 3759 444 3833 caput
459 3746 564 3812 AEnees
579 3748 706 3828 referes,
720 3747 880 3831 Lausique
893 3747 1037 3812 dolorum

296 3843 387 3912 Ultor
402 3847 463 3913 eris
478 3869 619 3928 mecum3
640 3863 703 3929 aut,
718 3851 818 3934 aperit
832 3851 859 3912 si
874 3847 959 3912 nulla
976 3845 1059 3914 viam
1072 3849 1128 3932 vis,

294 3947 472 4014 occumbes
485 3951 623 4034 penitere
644 3933 745 4033 neqbe
759 3952 853 4029 enim,
867 3949 1043 4031 fortissime,
1056 3951 1164 4035 credo,
1264 3959 1330 4018 865*

296 4048 387 4114 iussa
402 4050 504 4116 aliena
518 4053 584 4138 pati
598 4063 630 4116 et
643 4050 784 4116 dominos
797 4047 970 4136 dignabere
984 4051 1135 4124 Teucros.

288 4147 407 4234 .Dixit;
429 4164 460 4220 et
473 4166 623 4240 exceptus
637 4165 725 4240 tergo
737 4153 1014 4222 consuetalocavit

651 4265 690 4322 43
