2956 5132
179 493 220 556 Μ
577 491 867 559 annuerem

223 643 361 726 Aridus3
384 645 506 712 elucent
521 643 598 725 alie,
613 659 646 709 et
660 645 778 731 fulgere
794 659 967 726 coruscam,

223 753 378 818 Ardentes
392 773 479 830 euru,
496 765 527 816 et
542 753 665 837 peribus
680 755 734 818 lita
748 775 876 840 corpore
892 756 992 840 guttis.

225 858 304 924 Hec
321 860 417 944 potior
433 860 576 924 schelest
598 860 670 926 binc
684 860 757 925 coeli
773 877 911 946 ternpore
926 876 1013 927 certe

223 962 337 1030 Dulcia
354 964 444 1028 mella
459 983 606 1050 prement
627 985 687 1030 nec
704 965 820 1032 muttirn
836 967 948 1044 dulcia,
963 967 1110 1053 quantitm

224 1067 266 1134 Et
279 1069 403 1156 liquida,
419 1085 451 1134 et
466 1071 575 1136 dutum
591 1069 711 1138 Baecbi
726 1074 879 1138 dctnitura
894 1095 1046 1160 saporum

268 1179 311 1242 At
326 1199 418 1262 quum
434 1177 550 1242 incerta
565 1178 667 1244 velant
682 1180 825 1266 uoelcque
840 1183 984 1248 examina
998 1183 1115 1264 ludunt,

223 1280 494 1370 Contemnuntque
510 1283 607 1361 laves,
621 1299 655 1349 et
669 1285 776 1369 frigida
793 1299 875 1351 tecta
890 1289 1075 1374 relinquunt,

216 1390 383 1456 'Instabiles
396 1390 515 1456 amimae
529 1391 604 1455 ludo
618 1391 794 1475 prohibebis
808 1393 902 1456 inani.

221 1493 294 1560 Nec
310 1518 437 1581 magnus
447 1497 614 1579 -prcbibcre
630 1496 732 1560 labcrt
753 1509 785 1558 tu
802 1497 925 1581 regibus
939 1497 1005 1564 atas

221 1600 343 1689 Eripe:
366 1626 425 1669 ncn
438 1604 495 1668 illis
510 1605 669 1688 qaisquam
685 1605 898 1670 cunemutibus
909 1606 1006 1670 altttm

221 1707 271 1774 lre
288 1711 354 1787 iter,
371 1711 544 1774 autcestria
559 1709 682 1776 audebit
697 1709 811 1774 vellere
827 1713 925 1794 signa.

220 1811 351 1882 Invitent
366 1817 486 1882 croceis
501 1816 638 1880 halantes
654 1813 779 1880 floribus
790 1817 871 1880 berti
886 1839 896 1895 ;

219 1920 266 1986 Et
281 1936 382 1987 custos
399 1920 498 1984 lurum
515 1933 607 2004 atque
622 1922 736 1997 avitum,
753 1941 824 1987 cunt
840 1920 921 1986 tutes
937 1918 1062 2005 salignb,

222 2023 464 2112 Hellespontiaci
481 2037 583 2087 servet
596 2024 692 2088 tutela
708 2023 824 2108 Priapi.

220 2131 303 2217 lpse,
319 2131 457 2216 thymum
474 2130 622 2215 pinosque
636 2127 741 2192 fereae
756 2129 796 2192 de
813 2130 964 2194 montibus
979 2129 1056 2208 altis,

221 2238 323 2303 Tecta
339 2251 420 2303 serat
435 2236 495 2300 me
511 2237 640 2312 circum,
656 2236 706 2298 eui
721 2235 792 2300 talia
808 2255 912 2315 cure3

221 2343 293 2430 lpse
309 2345 414 2410 labore
429 2363 554 2408 manum
570 2342 762 2420 duro=terat3
781 2343 851 2426 ipse
868 2340 987 2407 feraces

222 2447 313 2535 Figat
329 2449 422 2516 huno
439 2447 565 2532 plantas,
582 2459 614 2508 et
627 2447 744 2509 amicus
760 2447 862 2529 irriget
875 2447 1002 2512 imbres.

267 2556 369 2641 Atque
386 2555 543 2638 equidem,
560 2567 700 2618 extremo
715 2553 746 2616 ni
756 2551 822 2637 jam
837 2553 895 2617 nub
911 2554 971 2618 line
987 2553 1124 2620 laborum

222 2658 302 2724 Vela
317 2662 445 2734 traham,
463 2672 494 2722 et
508 2658 597 2724 terrie
612 2655 753 2722 festinem
769 2658 929 2724 advertere
946 2683 1079 2746 proram,

223 2767 364 2834 Forsitan
381 2781 412 2831 et
427 2766 555 2849 pingues
570 2765 673 2829 hortus
688 2785 842 2849 quaecum
857 2766 980 2830 celeutli

223 2875 357 2941 Ornaret
371 2891 528 2948 canerem,
543 2870 692 2957 biferique
709 2873 822 2936 rosaria
839 2871 955 2954 Pesti3

222 2979 359 3066 Quoque
376 2979 467 3042 moda
481 2980 559 3063 potis
575 2979 744 3063 gautlenurt
758 2979 861 3063 intyba
878 2979 961 3060 ri‘ris,

223 3085 268 3151 Et
280 3086 390 3150 virides
406 3085 476 3169 apio
491 3085 575 3166 ripen
590 3095 746 3168 tortusque
763 3105 818 3168 per
833 3083 961 3148 herbam

222 3193 389 3260 cresceret
405 3194 586 3256 inventrem
603 3193 763 3270 cucumie3
786 3213 844 3255 uec
860 3213 930 3258 sera
944 3205 1118 3260 comantem

223 3299 415 3379 Narcissum,
431 3311 483 3362 aut
499 3296 572 3362 flexi
588 3299 751 3362 tacuissem
768 3299 870 3362 vimen
885 3299 1018 3378 acanthi,

223 3407 440 3492 Pallentesque
457 3407 599 3484 hederas,
616 3420 647 3468 et
662 3417 799 3468 amantes
815 3407 912 3470 littora
928 3420 1055 3490 myrtos.

268 3503 411 3598 Namque
428 3511 485 3576 sub
500 3509 633 3576 OEbalie
650 3509 774 3573 memini
791 3531 840 3574 me
857 3509 988 3576 turribus
1003 3511 1093 3590 arcis,

223 3619 299 3697 Qua
313 3623 398 3706 niger
410 3620 565 3682 humectat
581 3617 721 3682 flaventia
736 3617 816 3684 culta
834 3616 984 3698 Galesus,

193 3713 197 3724 ’
222 3725 391 3812 Corycium
407 3725 518 3789 vidisse
535 3745 651 3802 senem,
667 3725 718 3789 cui
733 3746 833 3810 pauca
849 3725 945 3790 relicti

222 3833 337 3918 lugere
353 3834 430 3896 ruris
445 3847 551 3910 erant;
574 3852 631 3896 nec
647 3831 753 3896 fertilis
768 3833 818 3896 illa
828 3831 980 3918 juvencis,

223 3937 294 4004 Nec
312 3939 414 4022 pecori
431 3953 598 4024 opportuna
615 3957 715 4021 seges,
727 3957 785 4000 uec
801 3937 964 4000 commoda
974 3933 1119 4002 Baccho.

223 4039 288 4109 llic
304 4064 404 4108 rarum
421 4059 521 4107 tamen
538 4044 567 4108 in
584 4043 685 4106 dumis
699 4043 776 4118 olus,
793 4039 922 4127 albaque
937 4039 1054 4106 circitm

223 4147 315 4225 Lilia,
331 4147 539 4230 verbenasque
556 4167 708 4231 premens,
724 4165 911 4233 vescumque
927 4167 1072 4233 papaver,

223 4255 350 4341 Regum
364 4253 503 4338 aquabat
517 4273 593 4340 open
607 4255 738 4336 animis3
760 4252 890 4344 seritque
905 4269 1064 4323 revertens
