2936 5122
203 468 264 524 ata
647 459 844 520 AENEIDOS

253 619 333 699 lbat,
349 631 380 684 et
394 615 543 684 auxilirua
558 610 653 680 ducto
667 635 817 682 mamone
829 613 977 700 petebat:

251 722 355 804 Quum
370 717 657 806 rotaprecipitem,
671 731 703 782 et
717 739 869 804 procmau
883 719 1024 784 coactns
1039 722 1110 784 axis

256 815 390 911 impulit,
406 821 596 908 effunditque
611 821 698 902 solo;
719 821 907 907 Turnusque
924 834 1058 903 secutus,

258 929 356 992 lmam
371 930 453 992 inter
466 924 587 1012 galeam
601 927 712 989 summi
727 923 865 989 thoracis
881 937 912 990 ct
925 945 1007 1006 oras,

256 1028 394 1094 Abstulit
408 1049 481 1093 ense
496 1040 601 1114 caput,
616 1041 820 1113 truncumque
835 1027 962 1114 reliquit
977 1049 1090 1094 arene.

300 1133 404 1216 Atque
420 1151 459 1194 ea
474 1127 547 1194 dum
562 1129 681 1214 campis
695 1129 796 1193 victor
811 1129 866 1195 dat
879 1131 991 1194 lunera
1005 1131 1139 1212 Turnus,

259 1234 385 1300 Interea
400 1231 519 1296 AEuean
535 1230 726 1311 Mnestheus,
741 1243 771 1295 et
786 1231 865 1296 fidus
879 1231 1028 1314 Achates,

210 1365 217 1394 t
259 1335 474 1419 Ascaniusque
489 1355 604 1412 comes,
619 1335 730 1397 castris
744 1332 882 1397 statuere
894 1346 1068 1414 cruentum,

252 1435 406 1528 *Alternos
420 1435 512 1528 longi
526 1439 675 1500 nitentem
689 1435 821 1520 cuspide
834 1459 969 1524 gressus.

261 1540 366 1620 Saevit,
381 1552 412 1602 et
427 1537 558 1602 infracta
573 1537 708 1604 luctatur
722 1538 873 1604 mondino
889 1539 983 1606 telum

261 1641 415 1727 Eripere3
436 1629 616 1727 auxilioque
632 1645 725 1722 viam,
740 1661 809 1726 quta
825 1643 979 1726 proxima,
992 1643 1110 1728 poscit:

260 1743 344 1808 Ense
360 1758 465 1808 secent
480 1743 543 1810 lato
558 1742 678 1822 vulnus,
693 1742 808 1828 telique
823 1742 981 1824 latebram

261 1845 455 1912 Rescindant
470 1843 600 1932 peoittis,
615 1867 747 1932 seseque
763 1847 795 1910 in
808 1845 892 1912 bella
908 1847 1075 1912 remittant.

261 1947 394 2032 Jamque
410 1945 520 2012 aderat
536 1946 656 2012 Phoebo
671 1959 743 2012 ante
758 1944 836 2011 alios
851 1945 983 2012 dilectus
999 1948 1083 2032 Iapis

263 2051 402 2130 lasides3
425 2053 491 2114 acri
507 2049 664 2136 quondam
679 2053 729 2116 cui
743 2064 853 2137 captus
869 2073 976 2116 amore

261 2151 332 2238 lpse
347 2175 418 2218 suas
434 2165 528 2233 artes,
543 2175 599 2219 sua
612 2175 752 2234 munera,
766 2153 855 2220 laetus
870 2153 982 2242 Apollo
1042 2197 1044 2206 x

263 2257 443 2342 Augurium,
458 2256 675 2341 citharamque
690 2255 798 2338 dabat,
812 2255 994 2342 celeresque
1007 2261 1145 2345 sagittas.

263 2359 329 2440 llle,
344 2373 377 2423 ut
392 2358 524 2446 depositi
539 2361 694 2446 proferret
708 2361 773 2426 lata
787 2360 935 2446 parentis,

262 2462 349 2527 Scire
365 2476 533 2550 potestates
549 2463 716 2528 herbarum
730 2485 881 2550 usumque
896 2463 1042 2530 medendi

261 2564 383 2644 Maluit,
398 2579 428 2630 et
443 2580 543 2632 mutas
558 2569 677 2651 agimre
687 2565 841 2652 inglorius
861 2581 955 2632 artes.

263 2668 383 2752 Stabat,
398 2669 515 2733 acerba
530 2668 844 2754 frameam-ingeram
858 2671 949 2736 nixus
963 2670 995 2734 in
1008 2668 1140 2752 hastam,

263 2767 391 2850 AEneaS,
406 2791 517 2856 magno
527 2770 677 2856 juvenum
692 2782 723 2833 et
737 2773 895 2840 moerentis
910 2771 968 2836 tati

223 2913 228 2930 ι
250 2873 435 2952 ⁴Concursu,
451 2871 598 2958 lacrymis
613 2870 791 2936 immobilis.
833 2871 894 2936 ille
906 2885 1024 2938 rethma

263 2976 419 3040 Paeonium
434 2976 464 3040 in
479 2977 596 3040 morem
611 2975 714 3039 senior
728 2979 903 3040 succinctus
918 2976 1041 3056 amictu,

262 3076 362 3142 Multa
377 3099 470 3141 manu
485 3076 607 3143 medici
624 3077 800 3162 Phoebique
812 3079 989 3164 potentibus
1004 3078 1111 3144 herbis

263 3179 482 3266 Nequidquam
496 3179 641 3267 trepidat,
655 3181 866 3267 nequidquam
882 3181 1000 3268 spicula
1014 3181 1126 3248 dextri

264 3283 425 3366 Sollicitat,
439 3298 625 3370 prensatque
640 3285 743 3350 tenaci
757 3285 875 3372 forcipe
890 3287 1018 3350 terrum.

263 3385 358 3454 Nulla
374 3390 456 3451 viam
471 3389 593 3452 fortuna
608 3391 697 3472 regit,
712 3385 789 3451 nihil
805 3400 913 3452 auctor
927 3387 1042 3472 Apollo
1235 3397 1296 3455 405

264 3489 430 3553 Subvenit:
454 3503 484 3554 et
498 3509 598 3553 savus
612 3489 732 3574 campis
746 3492 845 3574 magis
860 3511 898 3554 ac
914 3493 1011 3576 magis
1026 3489 1136 3556 horror

265 3591 456 3670 Crebrescit,
471 3589 660 3678 propidsque
674 3591 788 3656 malum
804 3605 861 3656 est.
904 3592 974 3658 Jam
989 3591 1118 3678 pulv'ere
1133 3593 1248 3660 coelum

266 3695 356 3758 Stare
370 3691 495 3772 vident3
517 3694 650 3758 subeunt
665 3695 794 3778 equites,
809 3705 840 3758 et
854 3691 973 3780 spicula
988 3698 1099 3758 castris

263 3793 371 3858 Densa
386 3793 502 3859 cadunt
516 3794 647 3859 mediis:
670 3797 693 3857 it
709 3794 804 3858 tristis
819 3793 860 3858 ad
874 3795 993 3861 aethera
1007 3796 1127 3861 clamor

264 3898 441 3963 Bellanttim
452 3902 610 3986 juvenum,
625 3913 656 3965 et
670 3899 749 3965 duro
764 3901 823 3965 sub
837 3901 940 3967 Marte
955 3903 1134 3969 cadenttim.
1234 3909 1296 3969 410

307 3999 373 4064 Hic
388 3999 507 4082 Venus,
522 4001 647 4088 indigno
662 4006 726 4067 nati
741 4023 892 4067 concussa
907 4003 1026 4086 dolore,

263 4101 465 4168 Dictamnum
480 4108 623 4189 genetrix
637 4102 759 4170 Crete&
774 4105 876 4191 carpit
891 4105 933 4171 ab
949 4105 1013 4186 lde,
1034 4177 1038 4186 ,
