2956 5132
691 493 814 556 'LIBER
835 497 856 556 l.

280 639 319 703 Ni
336 640 566 720 sacraemnta,
581 661 620 705 ac
636 653 744 721 terras,
759 643 935 729 coelumque
950 645 1147 731 profundum,

279 743 401 827 Quippe
416 743 517 806 ferant
532 742 637 827 rapidi
652 765 767 824 secum,
781 759 969 832 verrantque
984 769 1040 832 per
1056 771 1159 814 auras.

279 843 341 906 Sed
356 857 444 927 pater
458 847 656 928 omnipotens
669 844 826 930 speluncis
842 845 965 911 abdidit
980 853 1066 930 atris,
1267 857 1308 914 60

279 945 352 1008 Hoc
367 961 523 1012 metuens:
547 947 722 1032 molemque
738 964 769 1012 et
783 965 901 1014 montes
915 954 1042 1038 insuper
1057 952 1137 1018 altos

282 1047 447 1131 lmposuit3
470 1070 640 1135 regemque
654 1049 751 1128 dedit,
766 1054 820 1136 qui
835 1052 953 1117 loedere
967 1068 1053 1118 certo

280 1149 319 1214 Et
333 1173 486 1234 premere,
501 1165 532 1216 et
546 1151 636 1216 laxas
651 1154 746 1216 sciret
760 1151 836 1217 dare
847 1155 950 1242 jussus
966 1139 1116 1222 habenas}

278 1251 328 1316 Ad
343 1274 436 1336 quem
450 1267 515 1318 tum
528 1254 611 1318 Juno
625 1253 758 1340 supplex
774 1254 822 1320 his
837 1257 967 1320 vocibus
981 1280 1037 1322 usa
1052 1273 1114 1324 est:

320 1355 410 1419 AEdle
424 1357 572 1442 (namque
588 1357 646 1422 tibi
661 1356 767 1422 divum
782 1373 872 1444 peter
887 1371 980 1444 atque
996 1360 1151 1428 hominum
1165 1385 1224 1428 rex
1262 1370 1303 1428 65

276 1457 317 1520 Et
331 1457 468 1522 mulcere
482 1457 570 1522 dedit
584 1459 704 1538 fluctus,
719 1475 750 1524 et
765 1458 873 1523 tollere
888 1464 1003 1545 vento),

275 1561 361 1625 Gens
377 1564 503 1626 inimica
518 1562 596 1627 mihi
611 1561 813 1648 Tyrrhenum
828 1565 955 1649 navigat
968 1586 1083 1649 aequor,

277 1661 368 1726 llium
382 1667 414 1728 in
430 1664 551 1729 ltaliam
565 1679 703 1752 portans,
718 1669 878 1750 victosque
895 1667 1043 1732 Penates:

277 1765 384 1830 lucute
399 1770 462 1831 vim
476 1771 587 1847 ventis,
601 1769 841 1852 submersasque
856 1768 955 1833 obrue
970 1790 1110 1856 puppes3

278 1869 345 1932 Aut
359 1889 417 1956 age
430 1869 581 1950 diversos,
593 1883 624 1934 et
638 1869 747 1956 disjice
763 1891 897 1955 corpora
911 1884 1016 1956 ponto.
1219 1859 1221 1866 Α
1265 1881 1304 1938 'to

281 1971 360 2035 Sunt
374 1971 451 2036 mibi
466 1974 515 2036 bis
529 1987 648 2058 septem
662 1977 821 2057 praestanti
837 1995 968 2058 corpore
983 1974 1150 2060 Nymphae,

272 2073 428 2154 Quarum,
442 2096 511 2160 quae
527 2074 626 2140 forms
640 2073 862 2160 pulcherrima,
876 2073 1052 2159 Deiopeam

273 2175 444 2240 Connubio
454 2179 580 2264 jungam
595 2175 712 2268 stabili,
726 2179 948 2262 propriamque
963 2175 1095 2258 dicab03

271 2278 393 2342 Omnes
408 2291 441 2342 ut
456 2292 557 2342 tecum
571 2281 689 2343 meritis
703 2301 762 2363 pro
777 2279 892 2342 talibus
908 2301 1004 2344 annos

269 2379 405 2465 Erigat,
419 2392 450 2442 et
464 2378 592 2464 pulchri
606 2381 702 2444 saciat
717 2394 747 2444 te
761 2378 850 2465 prole
865 2392 1035 2466 parentem.
1265 2389 1302 2448 ts

316 2478 429 2546 AEolus
443 2480 510 2546 haec
524 2483 648 2548 contre:
671 2481 768 2561 Tuus,
782 2505 802 2545 o
816 2486 933 2569 regina,
948 2480 1024 2567 quid
1040 2495 1128 2567 optes

272 2581 454 2670 Explorare
468 2583 575 2664 labor3
597 2584 676 2648 mihi
687 2587 775 2670 jussa
790 2605 956 2670 capessere
971 2585 1018 2648 sas
1034 2598 1090 2648 est.

270 2689 325 2752 Tu
340 2687 416 2752 mihi
432 2687 649 2773 quodcumque
665 2688 725 2754 hoc
740 2691 837 2776 regui,
852 2701 885 2752 tu
899 2701 1022 2773 sceptra
1036 2688 1210 2775 iovemque

272 2790 455 2870 Concilias3
476 2806 508 2856 tu
523 2791 581 2856 das
596 2790 696 2877 epulis
712 2792 898 2856 accumbere
914 2791 1030 2871 diutim,

269 2895 521 2979 Nimborumque
535 2897 615 2958 lacis
631 2908 906 2980 tempestatumque
921 2908 1086 2982 potentem.
1260 2903 1301 2959 80

312 2996 395 3059 Haec
410 2996 465 3059 ubi
479 2994 575 3074 dicta,
590 3017 702 3059 cavum
716 2994 868 3060 conversi
883 2993 1013 3079 cuspide
1028 3005 1161 3060 montem
1188 3039 1191 3046 ι
1233 3071 1237 3080 ¹

274 3097 402 3182 Impulit
416 3101 448 3162 iu
463 3096 560 3162 latus:
584 3119 622 3161 ac
637 3101 731 3176 venti,
747 3095 831 3160 velut
841 3099 969 3182 'agmine
984 3096 1076 3176 lacto,
1096 3157 1099 3164 .

273 3199 347 3281 Qud
361 3199 436 3264 data
450 3213 550 3286 porta,
565 3213 665 3280 ruunt,
681 3214 711 3263 et
726 3213 826 3284 terras
841 3183 1122 3284 turbine'perllant.
1162 3217 1168 3228 ·
1261 3221 1264 3228 ·

273 3301 452 3366 Ιικιὼυότε
466 3305 555 3380 mari,
571 3316 727 3389 totumque
743 3325 762 3367 a
776 3302 902 3380 sedibus
917 3295 986 3367 imis
1066 3384 1072 3398 ι
1106 3312 1109 3320 “

273 3405 350 3470 Unci
365 3407 527 3493 Eurusque
542 3407 701 3493 Notusque
716 3421 817 3488 ruunt,
830 3409 1004 3493 creberque
1019 3407 1166 3493 proc'ellis
1261 3417 1299 3472 85

268 3509 420 3588 Africum
442 3523 472 3574 et
486 3524 589 3574 vastos
604 3511 730 3576 volvunt
745 3510 786 3592 qd
801 3510 903 3575 littora
918 3511 1037 3573 fluctus.
1098 3558 1101 3566 .

272 3609 452 3694 Insequitur
466 3609 646 3696 clamorque
660 3613 771 3691 virtius,
785 3611 961 3698 stridorque
976 3607 1151 3700 rudentitm.
1183 3594 1189 3602 ’

271 3711 421 3795 Eripiunt
435 3712 538 3776 subito
551 3713 649 3806 nubes
660 3697 837 3800 'c'oelumque
851 3713 996 3797 diemque

268 3813 471 3878 Teucrorum
482 3836 521 3878 ex
537 3813 652 3880 oculis:
674 3828 768 3902 ponto
782 3839 844 3880 nox
858 3815 985 3902 inc'qbat
1000 3827 1080 3880 atra.

265 3914 441 3980 Intonuere
456 3915 529 4002 poli,
544 3931 574 3980 et
588 3919 707 3984 crebris
722 3920 821 3982 micat·
830 3917 952 4001 ignibus
966 3914 1081 3980 esther:
1119 3949 1123 3956 ·
1150 3920 1156 3936 ⁸
1218 3971 1222 3980 .
1259 3925 1299 3982 90

264 4019 526 4104 Praesentemque
541 4023 616 4084 viris
631 4025 781 4086 intentant
795 4023 898 4084 omnia
907 4023 1052 4096 mortem.

312 4118 486 4204 Extemplo
501 4119 605 4210 AEueae
620 4121 778 4190 solvuntur
793 4123 907 4210 frigore
922 4121 1079 4186 membra:

577 4232 613 4288 14
