2914 5130
647 504 763 568 tunm
782 506 831 566 W.

238 663 306 729 Nec
320 662 474 726 moritura
488 669 572 724 tenet
585 655 707 723 erudeli
720 659 836 726 iuuene
842 658 950 727 Didot

237 765 322 847 Quin
336 763 432 826 etiam
445 759 578 827 hiberno
592 757 709 828 muliriu
724 759 827 828 sidere
841 762 986 845 clamem,

236 867 281 934 Et
296 864 404 932 mediis
416 885 572 951 properus
584 863 923 954 Aquilonibnsireper
940 867 1045 952 altum,
1210 881 1273 938 ³10

233 969 406 1036 Crudelis?
449 967 555 1051 Quid?
575 969 601 1033 ui
613 989 676 1033 nun
689 987 771 1033 arva
785 960 889 1040 etima
902 970 1076 1060 murosque

239 1073 363 1160 lgnutar
377 1084 514 1158 peteres,
528 1083 559 1136 et
573 1070 671 1157 Troja
686 1072 813 1156 antiqua
827 1087 975 1156 maneret,
1120 1059 1122 1072 ’

240 1175 340 1262 Troja
354 1197 412 1261 per
425 1172 577 1240 undosum
590 1185 751 1258 peteretur
763 1173 918 1242 classibus
936 1183 1063 1262 equari

240 1277 336 1343 illene
350 1279 451 1363 lugiet
472 1273 535 1342 Per‘
547 1297 604 1362 ago
619 1275 677 1342 lieu
691 1275 852 1362 lacrymae
864 1276 1068 1365 dextramque
1082 1295 1176 1365 tuam,
1190 1295 1230 1367 te,
1286 1347 1290 1356 ,

237 1377 391 1464 (Quando
406 1379 490 1446 alind
504 1378 580 1445 milti
588 1380 657 1466 jam
669 1379 790 1444 miserm
802 1378 880 1444 nibil
894 1380 963 1465 ipra
976 1380 1100 1468 reliqui)
1210 1395 1271 1452 815

240 1483 303 1548 Per
316 1483 473 1548 connubia
487 1495 603 1564 nostru,
617 1503 675 1568 per
688 1485 828 1568 inceptae
842 1481 1035 1568 hymeneum,
1365 1509 1370 1518 ·

240 1586 276 1650 Si
292 1585 374 1650 bene
389 1584 462 1670 quid
476 1584 518 1652 de
533 1599 564 1652 te
577 1584 686 1666 mettii,
700 1585 757 1651 iuit
771 1598 824 1650 aut
837 1585 895 1668 tibi
910 1585 1081 1672 quidquam

159 1735 176 1760 .
238 1687 346 1752 Dulce
360 1709 471 1768 meum,
484 1691 636 1758 miserere
650 1685 761 1755 donus
774 1685 917 1768 labentis,
932 1701 963 1756 et
976 1689 1076 1771 istan,

239 1790 318 1872 Oro,
332 1792 358 1855 si
372 1791 441 1876 quis
456 1790 559 1860 adhuc
573 1790 721 1878 precum
735 1788 832 1871 loeue,
846 1811 926 1856 exue
940 1805 1084 1861 mentem.

236 1893 290 1960 Te
304 1906 431 1980 propter
444 1893 581 1980 Libyae
595 1905 702 1980 genten
716 1891 954 1978 Nomadumque
967 1897 1093 1980 tyranni
1211 1903 1272 1960 ³20

238 1995 367 2076 Odere3
388 1995 499 2065 intensi
513 1996 623 2082 Tyrii:
646 2009 677 2062 te
690 2007 819 2082 propter
835 1994 978 2063 eumdem

238 2097 406 2164 Extinctue
426 2096 537 2182 pudor,
551 2111 592 2179 et,
603 2097 668 2182 qui
683 2095 1021 2178 desiderantium,
1068 2082 1071 2094 ⁴

240 2200 340 2265 Fama
354 2203 451 2285 prior.
495 2200 557 2266 cti
571 2220 622 2269 me
636 2199 854 2270 moribundam
868 2199 999 2279 demis,
1014 2199 1146 2286 huspeel

238 2303 314 2367 Hoc
328 2302 427 2367 solum
440 2323 552 2372 numen
566 2303 712 2387 quoniam
727 2301 768 2371 de
782 2303 913 2389 cunjuge
926 2315 1033 2370 restet.

235 2405 326 2490 Quid
340 2410 464 2470 murori
483 2426 524 2472 an
539 2426 610 2474 meu
626 2403 808 2494 Pygmalion
821 2405 896 2474 dum
910 2410 1024 2474 rutenia
1038 2407 1135 2479 irater
1210 2419 1270 2478 ³25

236 2508 401 2588 Dese-nat,
415 2522 467 2572 aut
480 2519 605 2594 captum
619 2507 713 2572 ducat
727 2509 867 2578 Gaetuluu
882 2510 1011 2581 turbent

237 2610 358 2677 Saltem
372 2613 399 2674 si
414 2631 476 2696 qua
489 2610 566 2680 milti
577 2611 621 2678 de
636 2625 667 2676 te
681 2625 825 2700 utttcepta
840 2614 949 2682 {uiuet

236 2717 322 2781 Ante
336 2714 440 2800 fugam
454 2711 593 2794 subolem
613 2717 642 2782 ei
655 2718 725 2802 quie
738 2714 816 2784 mihi
829 2715 976 2802 paruulus
990 2718 1061 2784 auli

236 2815 380 2884 Luderet
395 2817 518 2898 AEneas,
532 2822 586 2903 qui
601 2830 632 2886 te
646 2829 750 2888 tumen
764 2839 819 2886 ure
833 2819 986 2912 referrem

233 2921 313 2990 Non
327 2919 472 3006 equidem
486 2922 612 2990 omniun
624 2933 720 3007 capta
734 2941 771 2988 aa
785 2920 910 2990 deserta
924 2907 1061 2990 videtui
1210 2933 1272 2992 330

282 3024 428 3090 Dixerat.
471 3022 529 3092 llle
542 3025 631 3091 iuvit
644 3026 768 3090 monitis
780 3025 907 3092 immuta
921 3027 1049 3092 tenebat

238 3128 384 3209 Lumina⁷
399 3142 432 3194 et
443 3125 575 3198 obnixus
587 3149 697 3194 curam
711 3127 770 3194 nub
784 3127 881 3194 eorde
895 3129 1068 3216 premebat.

238 3227 384 3296 Tandem
398 3249 502 3315 penca
516 3231 631 3298 retent:
652 3231 721 3318 Ego
735 3244 776 3314 te,
791 3251 860 3316 quie
875 3231 1007 3317 plurima
1020 3231 1113 3300 lando

240 3333 438 3400 Enumerare
452 3332 550 3414 valea,
562 3355 731 3419 nunquam
743 3337 862 3421 regina,
875 3335 997 3421 negabo

240 3437 464 3518 Pmmetitam3
485 3458 544 3502 nec
558 3460 610 3504 me
623 3436 796 3502 meminisse
809 3426 928 3524 pigebit
941 3437 1061 3520 Elissae,
1210 3445 1270 3503 335

238 3538 326 3604 Dum
339 3561 458 3606 nuum
472 3544 541 3625 ipae
554 3543 627 3622 mei,
641 3539 715 3606 dum
728 3539 853 3626 spiritus
867 3539 925 3606 hou
938 3540 1017 3628 regit
1030 3553 1124 3606 artus.

240 3643 304 3708 Pro
317 3663 353 3706 re
366 3663 469 3728 pauca
483 3641 604 3728 loquar.
646 3643 758 3728 Neque
773 3665 831 3728 ega
846 3641 928 3710 hunc
943 3641 1137 3709 abscondere
1150 3643 1232 3710 furtu

238 3746 382 3832 Speravi,
396 3767 435 3812 ne
449 3745 541 3834 finge,
553 3748 678 3833 lugum3
698 3768 757 3812 nec
771 3747 910 3834 conjugis
924 3767 1059 3832 unquam

238 3846 398 3912 pretendi
412 3845 520 3928 tedas,
533 3861 587 3914 aut
601 3847 671 3914 hunc
684 3849 715 3913 in
729 3847 849 3914 tedere
863 3849 944 3912 veui.

235 3949 295 4016 Me
309 3949 335 4013 si
350 3949 416 4013 iata
431 3952 507 4014 meie
521 3962 701 4036 paterentur
714 3949 831 4014 duoere
846 3951 942 4014 vitem
1210 3963 1271 4020 340

234 4051 407 4138 Auspiciis,
420 4063 452 4116 et
466 4065 573 4138 sponte
588 4053 658 4120 meti
672 4073 742 4118 cum
785 4071 859 4116 nere
872 4073 966 4120 curas
978 4080 986 4132 3
1065 4097 1078 4120 .

236 4153 361 4220 Urbem
376 4153 547 4242 Trujnnam
561 4153 693 4242 primlm
708 4156 876 4242 ducesque
892 4179 1028 4228 meorum
