2936 5122
676 535 793 624 arsuri
814 526 866 623 xi.

271 718 408 808 Delegit,
423 707 572 806 pacisque
587 720 686 786 bonas
700 720 839 804 bellique
854 722 1029 784 ministras:

270 824 391 906 Quales
405 821 575 904 Threicio,
587 843 681 906 quum
698 823 824 891 flamna
838 821 1080 888 Thermodontis

274 927 411 1008 Pulsant,
426 927 563 1013 etpiotis
577 927 733 992 bellantur
748 931 923 995 Amazones
939 929 1052 1009 armis3
1252 933 1315 992 660

276 1032 336 1094 Seu
351 1031 469 1096 circum
485 1029 693 1116 Hippolyten,
707 1051 763 1094 seu
777 1051 871 1115 quum
886 1053 920 1094 se
936 1032 1051 1094 Martia
1064 1051 1160 1096 curru

279 1132 475 1198 Penthesilea
490 1134 595 1212 refert,
608 1153 783 1218 magnoque
799 1129 934 1196 ululante
950 1131 1080 1198 tumultu

276 1235 437 1302 Poeminea
452 1234 606 1302 exsultant
621 1235 731 1300 lunatis
745 1237 868 1321 agmina
881 1235 984 1320 peltis.

277 1339 378 1422 Quem
393 1339 455 1404 telo
470 1341 613 1425 primum,
627 1357 720 1423 quem
734 1351 934 1424 postremum,
950 1360 1062 1425 aspero
1077 1343 1175 1426 virgo,

276 1441 418 1530 Dejicis?
439 1456 493 1510 aut
507 1457 581 1530 quot
596 1442 680 1510 humi
694 1445 859 1508 morientia
873 1461 1007 1528 corpora
1021 1441 1147 1508 lundis?
1247 1447 1316 1506 Δ665

278 1545 428 1612 Eunaeum
443 1547 552 1632 Clytio
566 1547 699 1632 primum
713 1558 812 1632 patre,
825 1546 913 1633 cujus
929 1559 1072 1631 apertum

279 1649 414 1716 Adversi
429 1649 522 1736 longi
535 1649 770 1716 mansuerberat
784 1649 887 1714 abiete
900 1659 1030 1734 pectus:

280 1753 443 1839 Sanguinis
462 1753 515 1819 illc
530 1773 657 1818 vomens
671 1753 755 1816 rivos
768 1749 863 1830 cadit,
878 1763 971 1836 atque
985 1763 1147 1816 cruentam

277 1855 401 1922 blandit
416 1856 552 1936 humum,
566 1859 764 1940 moriensque
780 1875 836 1918 suo
850 1875 883 1920 se
899 1857 931 1920 in
946 1853 1075 1920 vulnere
1091 1868 1205 1920 versat.

281 1959 362 2025 Tum
374 1961 483 2040 Lirim,
496 1960 711 2046 Pagasumque
722 1957 834 2044 supdr3
849 1977 980 2042 quorum
991 1956 1071 2022 alter
1082 1957 1223 2024 habenas
1252 1966 1318 2023 ,670

282 2061 418 2128 suffosso
432 2063 590 2129 revolutus
605 2083 686 2147 equo
701 2061 776 2126 dum
789 2058 919 2146 colligit,
932 2059 1013 2128 alter
1211 2047 1229 2086 ⁰

280 2163 364 2232 Dum
380 2166 473 2246 subit,
487 2187 525 2232 ac
540 2164 685 2233 dextram
702 2162 931 2233 labentitendit
945 2167 1107 2246 inermem,

283 2265 463 2356 Pracipites
476 2268 655 2354 pariterque
670 2279 772 2334 ruunt.
817 2267 879 2330 His
893 2265 982 2332 addit
995 2271 1172 2334 Amastrum
1298 2321 1302 2327 .

282 2369 505 2456 Hippotaden3
527 2371 725 2456 sequiturque
742 2369 924 2436 incumbens
939 2369 1056 2436 eminus
1072 2371 1161 2438 hasta

281 2470 460 2558 Tereaque,
474 2473 769 2559 Harpalycumque,
783 2485 814 2536 et
827 2469 1079 2558 Demophoonta,
1093 2474 1264 2542 Chromim-

326 2597 407 2660 que:
1259 2585 1321 2643 675

286 2674 430 2762 Quotque
444 2681 558 2744 emissa
572 2697 666 2744 manu
679 2681 829 2747 contorsit
843 2675 963 2764 spicula
977 2681 1076 2766 virgo,

286 2779 346 2844 Tot
361 2780 493 2867 Phrygii
506 2780 656 2848 oecidbre'
667 2781 736 2846 viri.
782 2779 894 2844 Procul
908 2779 1049 2866 Ornytus
1064 2784 1158 2848 armis

286 2883 399 2969 ignotis
414 2897 445 2948 ct
459 2901 540 2968 equo
555 2895 685 2948 venator
701 2884 818 2969 iapyge
834 2883 949 2948 fertur:

285 2985 346 3051 Cui
360 2987 451 3073 pellis
467 2986 546 3053 latos
561 2987 706 3054 humeros
720 2999 828 3072 erepta
838 2989 975 3074 juvenco

288 3089 595 3178 Pugnatorioperitr
614 3104 710 3178 eaput
723 3077 908 3178 ingensoris
923 3091 1025 3157 hiatus
1261 3099 1323 3158 680

287 3190 326 3258 Et
341 3192 431 3257 mata
447 3192 556 3258 tcxdre
570 3194 636 3281 lupi
649 3215 721 3260 cum
734 3193 881 3260 dentibus
896 3193 995 3275 olbis3

287 3296 488 3382 agrestisque
503 3317 612 3365 manus
627 3309 728 3362 ernist
742 3317 873 3382 sparus:
896 3297 962 3382 ipse
976 3297 1112 3362 catervis

287 3396 430 3462 Vertitur
444 3399 475 3462 in
490 3397 614 3480 mediis,
627 3413 659 3464 et
673 3413 738 3466 toto
752 3400 870 3465 vertice
885 3400 978 3486 supra
993 3415 1049 3464 est.

287 3501 383 3566 Hunc
399 3501 453 3566 illa
467 3515 645 3588 exceptum,
658 3523 760 3588 neque
776 3505 859 3568 enim
873 3501 965 3566 labor
978 3505 1102 3587 agmine
1116 3523 1218 3582 verso,

286 3601 429 3690 Trajicit,
444 3617 476 3670 et
489 3623 584 3690 super
598 3604 666 3670 hac
681 3605 808 3670 inimico
820 3617 949 3689 pectore
964 3602 1069 3667 latur:
1264 3611 1326 3668 685

288 3706 380 3770 Silvis
395 3721 436 3788 te,
450 3707 631 3795 Tyrrhena,
646 3709 730 3774 laras
745 3709 865 3795 agitare
880 3706 1016 3794 putdst'qi

288 3810 425 3876 Advenit
440 3815 493 3896 qui
508 3825 613 3878 vestra
627 3811 695 3878 dies
709 3811 913 3878 muliebribus
928 3809 1023 3877 armis

289 3913 400 3978 Verba
416 3915 622 4002 redarguerit.
665 3916 788 3980 Nomen
804 3928 906 3978 tamen
923 3912 1008 3978 haud
1023 3911 1092 3976 leve
1107 3925 1229 3998 patrum

289 4015 436 4082 Manibus
452 4016 512 4083 hoc
528 4019 655 4099 referes,
671 4017 733 4082 telo
746 4016 900 4084 cecidisse
915 4015 1070 4080 Camillae.

291 4116 440 4183 Protenus
455 4119 653 4186 Orsilochum
670 4135 701 4184 et
715 4119 827 4199 Buten,
841 4117 905 4184 duo
919 4119 1056 4184 maxima
1071 4119 1231 4188 Teucrum
1267 4128 1330 4186 690

290 4221 455 4308 Corpora:
478 4227 533 4288 sed
551 4225 651 4290 Buten
666 4245 810 4290 aversum
824 4223 955 4310 cuspide
971 4223 1041 4288 lixit

290 4326 437 4394 Loricam
452 4327 636 4416 galeamque
651 4330 739 4410 inter,
754 4327 817 4415 qui
830 4327 914 4396 colla
929 4327 1066 4395 sedentis
