<?xml version="1.0" encoding="UTF-8"?>
<!DOCTYPE html PUBLIC "-//W3C//DTD XHTML 1.0 Transitional//EN"
    "http://www.w3.org/TR/xhtml1/DTD/xhtml1-transitional.dtd">
<html xmlns="http://www.w3.org/1999/xhtml" xml:lang="en" lang="en">
 <head>
  <title>
</title>
<meta http-equiv="Content-Type" content="text/html;charset=utf-8" />
  <meta name='ocr-system' content='tesseract 3.04.00' />
  <meta name='ocr-capabilities' content='ocr_page ocr_carea ocr_par ocr_line ocrx_word'/>
</head>
<body>
  <div class='ocr_page' id='page_1' title='image "./bucolicageorgic01goulgoog_0366.png"; bbox 0 0 2978 5124; ppageno 0'>
   <div class='ocr_carea' id='block_1_1' title="bbox 161 465 789 529">
    <p class='ocr_par' dir='ltr' id='par_1_1' title="bbox 161 465 789 529">
     <span class='ocr_line' id='line_1_1' title="bbox 161 465 789 529; baseline -0.005 0"><span class='ocrx_word' id='word_1_1' title='bbox 161 473 219 529; x_wconf 72' lang='grc'><strong>848</strong></span> <span class='ocrx_word' id='word_1_2' title='bbox 601 465 789 526; x_wconf 69' lang='lat' dir='ltr'><strong>mutuos</strong></span> 
     </span>
    </p>
   </div>
   <div class='ocr_carea' id='block_1_2' title="bbox 109 613 1230 2546">
    <p class='ocr_par' dir='ltr' id='par_1_2' title="bbox 109 613 1230 1116">
     <span class='ocr_line' id='line_1_2' title="bbox 109 613 1039 702; baseline -0.001 -21"><span class='ocrx_word' id='word_1_3' title='bbox 109 643 114 658; x_wconf 82' lang='lat'><strong>·</strong></span> <span class='ocrx_word' id='word_1_4' title='bbox 205 616 457 702; x_wconf 83' lang='lat' dir='ltr'><strong>Fluminibusque</strong></span> <span class='ocrx_word' id='word_1_5' title='bbox 473 626 621 702; x_wconf 79' lang='lat' dir='ltr'>vagantur</span> <span class='ocrx_word' id='word_1_6' title='bbox 635 637 709 680; x_wconf 90' lang='lat' dir='ltr'><strong>aves</strong></span> <span class='ocrx_word' id='word_1_7' title='bbox 723 615 805 698; x_wconf 83' lang='lat' dir='ltr'><strong>(lieu</strong></span> <span class='ocrx_word' id='word_1_8' title='bbox 819 613 887 680; x_wconf 84' lang='lat' dir='ltr'><strong>dira</strong></span> <span class='ocrx_word' id='word_1_9' title='bbox 901 635 1039 680; x_wconf 85' lang='lat' dir='ltr'><strong>meorum</strong></span> 
     </span>
     <span class='ocr_line' id='line_1_3' title="bbox 205 673 1140 836; baseline -0.002 -52"><span class='ocrx_word' id='word_1_10' title='bbox 205 719 362 804; x_wconf 83' lang='lat' dir='ltr'>Supplicia</span> <span class='ocrx_word' id='word_1_11' title='bbox 373 717 401 800; x_wconf 88' lang='lat' dir='ltr'><strong>i)</strong></span> <span class='ocrx_word' id='word_1_12' title='bbox 424 731 454 782; x_wconf 93' lang='lat' dir='ltr'><strong>et</strong></span> <span class='ocrx_word' id='word_1_13' title='bbox 469 717 612 803; x_wconf 90' lang='lat' dir='ltr'><strong>scopulos</strong></span> <span class='ocrx_word' id='word_1_14' title='bbox 627 717 811 804; x_wconf 80' lang='lat' dir='ltr'><strong>lacrymosis</strong></span> <span class='ocrx_word' id='word_1_15' title='bbox 825 717 953 782; x_wconf 90' lang='lat' dir='ltr'><strong>vocibus</strong></span> <span class='ocrx_word' id='word_1_16' title='bbox 968 673 1140 836; x_wconf 56' lang='lat' dir='ltr'><strong>impletus</strong></span> 
     </span>
     <span class='ocr_line' id='line_1_4' title="bbox 209 819 1230 908; baseline -0.006 -21"><span class='ocrx_word' id='word_1_17' title='bbox 209 823 290 887; x_wconf 85' lang='lat' dir='ltr'><strong>Haec</strong></span> <span class='ocrx_word' id='word_1_18' title='bbox 306 820 386 886; x_wconf 83' lang='lat' dir='ltr'><strong>aded</strong></span> <span class='ocrx_word' id='word_1_19' title='bbox 401 842 440 886; x_wconf 84' lang='lat' dir='ltr'><strong>ex</strong></span> <span class='ocrx_word' id='word_1_20' title='bbox 456 819 509 886; x_wconf 94' lang='lat' dir='ltr'><strong>illo</strong></span> <span class='ocrx_word' id='word_1_21' title='bbox 524 822 598 886; x_wconf 88' lang='lat' dir='ltr'><strong>mihi</strong></span> <span class='ocrx_word' id='word_1_22' title='bbox 609 823 675 908; x_wconf 89' lang='lat' dir='ltr'><strong>jam</strong></span> <span class='ocrx_word' id='word_1_23' title='bbox 690 820 844 907; x_wconf 87' lang='lat' dir='ltr'><strong>speranda</strong></span> <span class='ocrx_word' id='word_1_24' title='bbox 858 822 980 887; x_wconf 90' lang='lat' dir='ltr'><strong>suerunt</strong></span> <span class='ocrx_word' id='word_1_25' title='bbox 1170 823 1230 882; x_wconf 74' lang='lat' dir='ltr'><strong>tto</strong></span> 
     </span>
     <span class='ocr_line' id='line_1_5' title="bbox 208 922 1021 1012; baseline -0.002 -22"><span class='ocrx_word' id='word_1_26' title='bbox 208 925 374 1012; x_wconf 84' lang='lat' dir='ltr'>Tempore,</span> <span class='ocrx_word' id='word_1_27' title='bbox 389 945 484 1010; x_wconf 90' lang='lat' dir='ltr'><strong>quum</strong></span> <span class='ocrx_word' id='word_1_28' title='bbox 499 923 581 990; x_wconf 83' lang='lat' dir='ltr'><strong>ferro</strong></span> <span class='ocrx_word' id='word_1_29' title='bbox 596 922 734 988; x_wconf 86' lang='lat' dir='ltr'><strong>coelestia</strong></span> <span class='ocrx_word' id='word_1_30' title='bbox 748 945 880 1009; x_wconf 90' lang='lat' dir='ltr'><strong>corpora</strong></span> <span class='ocrx_word' id='word_1_31' title='bbox 895 923 1021 988; x_wconf 89' lang='lat' dir='ltr'><strong>demens</strong></span> 
     </span>
     <span class='ocr_line' id='line_1_6' title="bbox 207 1025 978 1116; baseline -0.005 -22"><span class='ocrx_word' id='word_1_32' title='bbox 207 1030 341 1116; x_wconf 82' lang='lat' dir='ltr'><strong>Appetii,</strong></span> <span class='ocrx_word' id='word_1_33' title='bbox 356 1041 387 1093; x_wconf 90' lang='lat' dir='ltr'><strong>et</strong></span> <span class='ocrx_word' id='word_1_34' title='bbox 401 1027 534 1094; x_wconf 86' lang='lat' dir='ltr'><strong>Veneris</strong></span> <span class='ocrx_word' id='word_1_35' title='bbox 547 1027 664 1092; x_wconf 80' lang='lat' dir='ltr'><strong>violavi</strong></span> <span class='ocrx_word' id='word_1_36' title='bbox 678 1025 805 1091; x_wconf 88' lang='lat' dir='ltr'><strong>vulnere</strong></span> <span class='ocrx_word' id='word_1_37' title='bbox 825 1027 978 1091; x_wconf 82' lang='lat' dir='ltr'><strong>dextram.</strong></span> 
     </span>
    </p>

    <p class='ocr_par' dir='ltr' id='par_1_3' title="bbox 171 1130 1077 2546">
     <span class='ocr_line' id='line_1_7' title="bbox 171 1130 930 1217; baseline -0.003 -19"><span class='ocrx_word' id='word_1_38' title='bbox 171 1142 179 1152; x_wconf 90' lang='lat'>&#39;</span> <span class='ocrx_word' id='word_1_39' title='bbox 211 1134 258 1198; x_wconf 91' lang='lat' dir='ltr'><strong>Ne</strong></span> <span class='ocrx_word' id='word_1_40' title='bbox 274 1131 359 1213; x_wconf 77' lang='lat' dir='ltr'><strong>vero,</strong></span> <span class='ocrx_word' id='word_1_41' title='bbox 373 1155 412 1196; x_wconf 93' lang='lat' dir='ltr'><strong>ne</strong></span> <span class='ocrx_word' id='word_1_42' title='bbox 427 1154 475 1196; x_wconf 87' lang='lat' dir='ltr'><strong>me</strong></span> <span class='ocrx_word' id='word_1_43' title='bbox 492 1130 532 1196; x_wconf 90' lang='lat' dir='ltr'><strong>ad</strong></span> <span class='ocrx_word' id='word_1_44' title='bbox 548 1130 626 1196; x_wconf 89' lang='lat' dir='ltr'><strong>tales</strong></span> <span class='ocrx_word' id='word_1_45' title='bbox 640 1131 786 1217; x_wconf 83' lang='lat' dir='ltr'><strong>impellite</strong></span> <span class='ocrx_word' id='word_1_46' title='bbox 800 1153 930 1217; x_wconf 84' lang='lat' dir='ltr'><strong>pugnas.</strong></span> 
     </span>
     <span class='ocr_line' id='line_1_8' title="bbox 206 1231 1022 1320; baseline -0.004 -22"><span class='ocrx_word' id='word_1_47' title='bbox 206 1235 273 1300; x_wconf 90' lang='lat' dir='ltr'><strong>Nec</strong></span> <span class='ocrx_word' id='word_1_48' title='bbox 288 1233 364 1298; x_wconf 89' lang='lat' dir='ltr'><strong>mihi</strong></span> <span class='ocrx_word' id='word_1_49' title='bbox 379 1255 449 1297; x_wconf 90' lang='lat' dir='ltr'><strong>cum</strong></span> <span class='ocrx_word' id='word_1_50' title='bbox 464 1233 596 1297; x_wconf 89' lang='lat' dir='ltr'><strong>Teucris</strong></span> <span class='ocrx_word' id='word_1_51' title='bbox 611 1233 706 1299; x_wconf 87' lang='lat' dir='ltr'><strong>ullum</strong></span> <span class='ocrx_word' id='word_1_52' title='bbox 720 1249 790 1320; x_wconf 90' lang='lat' dir='ltr'><strong>post</strong></span> <span class='ocrx_word' id='word_1_53' title='bbox 804 1247 891 1300; x_wconf 89' lang='lat' dir='ltr'><strong>eruta</strong></span> <span class='ocrx_word' id='word_1_54' title='bbox 906 1231 1022 1298; x_wconf 90' lang='lat' dir='ltr'><strong>bellum</strong></span> 
     </span>
     <span class='ocr_line' id='line_1_9' title="bbox 209 1335 1051 1423; baseline -0.005 -22"><span class='ocrx_word' id='word_1_55' title='bbox 209 1336 370 1423; x_wconf 86' lang='lat' dir='ltr'><strong>Pergama,</strong></span> <span class='ocrx_word' id='word_1_56' title='bbox 384 1357 440 1400; x_wconf 92' lang='lat' dir='ltr'><strong>nec</strong></span> <span class='ocrx_word' id='word_1_57' title='bbox 456 1349 594 1400; x_wconf 87' lang='lat' dir='ltr'><strong>veterum</strong></span> <span class='ocrx_word' id='word_1_58' title='bbox 609 1336 733 1400; x_wconf 91' lang='lat' dir='ltr'><strong>memini</strong></span> <span class='ocrx_word' id='word_1_59' title='bbox 749 1336 875 1401; x_wconf 80' lang='lat' dir='ltr'><strong>laetorve</strong></span> <span class='ocrx_word' id='word_1_60' title='bbox 890 1335 1051 1401; x_wconf 89' lang='lat' dir='ltr'><strong>malorum.</strong></span> 
     </span>
     <span class='ocr_line' id='line_1_10' title="bbox 209 1436 966 1524; baseline -0.003 -20"><span class='ocrx_word' id='word_1_61' title='bbox 209 1440 350 1518; x_wconf 84' lang='lat' dir='ltr'><strong>Munera,</strong></span> <span class='ocrx_word' id='word_1_62' title='bbox 367 1458 436 1522; x_wconf 71' lang='lat' dir='ltr'><strong>quae</strong></span> <span class='ocrx_word' id='word_1_63' title='bbox 451 1438 560 1523; x_wconf 89' lang='lat' dir='ltr'><strong>patriis</strong></span> <span class='ocrx_word' id='word_1_64' title='bbox 576 1436 615 1500; x_wconf 89' lang='lat' dir='ltr'><strong>ad</strong></span> <span class='ocrx_word' id='word_1_65' title='bbox 631 1459 680 1502; x_wconf 90' lang='lat' dir='ltr'><strong>me</strong></span> <span class='ocrx_word' id='word_1_66' title='bbox 694 1438 822 1524; x_wconf 88' lang='lat' dir='ltr'><strong>portatis</strong></span> <span class='ocrx_word' id='word_1_67' title='bbox 837 1438 879 1502; x_wconf 90' lang='lat' dir='ltr'><strong>ab</strong></span> <span class='ocrx_word' id='word_1_68' title='bbox 893 1442 966 1518; x_wconf 89' lang='lat' dir='ltr'><strong>oris,</strong></span> 
     </span>
     <span class='ocr_line' id='line_1_11' title="bbox 207 1539 1055 1626; baseline -0.007 -18"><span class='ocrx_word' id='word_1_69' title='bbox 207 1542 328 1608; x_wconf 83' lang='lat' dir='ltr'><strong>Vertite</strong></span> <span class='ocrx_word' id='word_1_70' title='bbox 344 1539 384 1604; x_wconf 89' lang='lat' dir='ltr'><strong>ad</strong></span> <span class='ocrx_word' id='word_1_71' title='bbox 398 1539 532 1604; x_wconf 84' lang='lat' dir='ltr'><strong>AEnean.</strong></span> <span class='ocrx_word' id='word_1_72' title='bbox 577 1541 721 1603; x_wconf 87' lang='lat' dir='ltr'><strong>Stetimus</strong></span> <span class='ocrx_word' id='word_1_73' title='bbox 737 1541 797 1604; x_wconf 88' lang='lat' dir='ltr'><strong>tela</strong></span> <span class='ocrx_word' id='word_1_74' title='bbox 812 1561 923 1626; x_wconf 89' lang='lat' dir='ltr'><strong>aspera</strong></span> <span class='ocrx_word' id='word_1_75' title='bbox 937 1551 1055 1618; x_wconf 88' lang='lat' dir='ltr'><strong>contra,</strong></span> 
     </span>
     <span class='ocr_line' id='line_1_12' title="bbox 210 1642 1046 1729; baseline -0.004 -21"><span class='ocrx_word' id='word_1_76' title='bbox 210 1643 464 1729; x_wconf 89' lang='lat' dir='ltr'><strong>Contulimusque</strong></span> <span class='ocrx_word' id='word_1_77' title='bbox 478 1661 605 1707; x_wconf 88' lang='lat' dir='ltr'><strong>manus:</strong></span> <span class='ocrx_word' id='word_1_78' title='bbox 628 1655 757 1727; x_wconf 89' lang='lat' dir='ltr'><strong>experto</strong></span> <span class='ocrx_word' id='word_1_79' title='bbox 772 1642 899 1724; x_wconf 84' lang='lat' dir='ltr'><strong>credite,</strong></span> <span class='ocrx_word' id='word_1_80' title='bbox 915 1655 1046 1728; x_wconf 88' lang='lat' dir='ltr'><strong>quantus</strong></span> 
     </span>
     <span class='ocr_line' id='line_1_13' title="bbox 212 1743 1077 1834; baseline -0.002 -24"><span class='ocrx_word' id='word_1_81' title='bbox 212 1749 245 1812; x_wconf 94' lang='lat' dir='ltr'><strong>ln</strong></span> <span class='ocrx_word' id='word_1_82' title='bbox 261 1747 407 1834; x_wconf 82' lang='lat' dir='ltr'><strong>clypeum</strong></span> <span class='ocrx_word' id='word_1_83' title='bbox 423 1756 573 1830; x_wconf 85' lang='lat' dir='ltr'><strong>assurgat,</strong></span> <span class='ocrx_word' id='word_1_84' title='bbox 588 1763 648 1828; x_wconf 94' lang='lat' dir='ltr'><strong>quo</strong></span> <span class='ocrx_word' id='word_1_85' title='bbox 663 1743 786 1809; x_wconf 90' lang='lat' dir='ltr'><strong>turbine</strong></span> <span class='ocrx_word' id='word_1_86' title='bbox 801 1758 943 1830; x_wconf 89' lang='lat' dir='ltr'><strong>torqueat</strong></span> <span class='ocrx_word' id='word_1_87' title='bbox 958 1745 1077 1808; x_wconf 82' lang='lat' dir='ltr'><strong>hastam</strong></span> 
     </span>
     <span class='ocr_line' id='line_1_14' title="bbox 211 1843 809 1933; baseline -0.005 -20"><span class='ocrx_word' id='word_1_88' title='bbox 211 1849 243 1914; x_wconf 92' lang='lat' dir='ltr'><strong>Si</strong></span> <span class='ocrx_word' id='word_1_89' title='bbox 257 1847 319 1912; x_wconf 89' lang='lat' dir='ltr'><strong>duo</strong></span> <span class='ocrx_word' id='word_1_90' title='bbox 332 1861 484 1933; x_wconf 75' lang='lat' dir='ltr'><strong>praterea</strong></span> <span class='ocrx_word' id='word_1_91' title='bbox 500 1845 576 1910; x_wconf 88' lang='lat' dir='ltr'><strong>tales</strong></span> <span class='ocrx_word' id='word_1_92' title='bbox 592 1843 674 1908; x_wconf 84' lang='lat' dir='ltr'><strong>ldaea</strong></span> <span class='ocrx_word' id='word_1_93' title='bbox 689 1844 809 1910; x_wconf 89' lang='lat' dir='ltr'><strong>tulisset</strong></span> 
     </span>
     <span class='ocr_line' id='line_1_15' title="bbox 210 1946 984 2028; baseline -0.008 -12"><span class='ocrx_word' id='word_1_94' title='bbox 210 1951 312 2016; x_wconf 89' lang='lat' dir='ltr'><strong>Terra</strong></span> <span class='ocrx_word' id='word_1_95' title='bbox 325 1952 418 2028; x_wconf 88' lang='lat' dir='ltr'><strong>viros,</strong></span> <span class='ocrx_word' id='word_1_96' title='bbox 431 1947 512 2012; x_wconf 90' lang='lat' dir='ltr'><strong>ultro</strong></span> <span class='ocrx_word' id='word_1_97' title='bbox 529 1946 670 2012; x_wconf 86' lang='lat' dir='ltr'><strong>Inachias</strong></span> <span class='ocrx_word' id='word_1_98' title='bbox 686 1950 821 2012; x_wconf 88' lang='lat' dir='ltr'><strong>venisset</strong></span> <span class='ocrx_word' id='word_1_99' title='bbox 835 1948 876 2012; x_wconf 88' lang='lat' dir='ltr'><strong>ad</strong></span> <span class='ocrx_word' id='word_1_100' title='bbox 891 1947 984 2012; x_wconf 87' lang='lat' dir='ltr'><strong>urbes</strong></span> 
     </span>
     <span class='ocr_line' id='line_1_16' title="bbox 209 2047 911 2135; baseline -0.003 -19"><span class='ocrx_word' id='word_1_101' title='bbox 209 2053 387 2130; x_wconf 89' lang='lat' dir='ltr'><strong>Dardanus,</strong></span> <span class='ocrx_word' id='word_1_102' title='bbox 401 2064 432 2115; x_wconf 91' lang='lat' dir='ltr'><strong>et</strong></span> <span class='ocrx_word' id='word_1_103' title='bbox 446 2053 545 2116; x_wconf 88' lang='lat' dir='ltr'><strong>versis</strong></span> <span class='ocrx_word' id='word_1_104' title='bbox 560 2047 677 2135; x_wconf 85' lang='lat' dir='ltr'><strong>lugeret</strong></span> <span class='ocrx_word' id='word_1_105' title='bbox 691 2049 816 2115; x_wconf 76' lang='lat' dir='ltr'><strong>Graecia</strong></span> <span class='ocrx_word' id='word_1_106' title='bbox 831 2051 911 2114; x_wconf 83' lang='lat' dir='ltr'><strong>satis.</strong></span> 
     </span>
     <span class='ocr_line' id='line_1_17' title="bbox 210 2151 1054 2240; baseline -0.002 -24"><span class='ocrx_word' id='word_1_107' title='bbox 210 2151 367 2238; x_wconf 81' lang='lat' dir='ltr'><strong>Quidquid</strong></span> <span class='ocrx_word' id='word_1_108' title='bbox 383 2151 466 2240; x_wconf 88' lang='lat' dir='ltr'><strong>apud</strong></span> <span class='ocrx_word' id='word_1_109' title='bbox 481 2152 566 2217; x_wconf 83' lang='lat' dir='ltr'><strong>durae</strong></span> <span class='ocrx_word' id='word_1_110' title='bbox 581 2166 736 2218; x_wconf 89' lang='lat' dir='ltr'><strong>cessatum</strong></span> <span class='ocrx_word' id='word_1_111' title='bbox 751 2167 797 2218; x_wconf 89' lang='lat' dir='ltr'><strong>est</strong></span> <span class='ocrx_word' id='word_1_112' title='bbox 812 2157 927 2218; x_wconf 85' lang='lat' dir='ltr'><strong>moenia</strong></span> <span class='ocrx_word' id='word_1_113' title='bbox 941 2151 1054 2237; x_wconf 81' lang='lat' dir='ltr'><strong>Trojae,</strong></span> 
     </span>
     <span class='ocr_line' id='line_1_18' title="bbox 213 2255 950 2344; baseline -0.004 -21"><span class='ocrx_word' id='word_1_114' title='bbox 213 2259 361 2323; x_wconf 83' lang='lat' dir='ltr'><strong>Hectoris</strong></span> <span class='ocrx_word' id='word_1_115' title='bbox 375 2255 549 2344; x_wconf 82' lang='lat' dir='ltr'><strong>AEneaeque</strong></span> <span class='ocrx_word' id='word_1_116' title='bbox 564 2279 656 2322; x_wconf 87' lang='lat' dir='ltr'><strong>manu</strong></span> <span class='ocrx_word' id='word_1_117' title='bbox 671 2260 804 2322; x_wconf 90' lang='lat' dir='ltr'><strong>victoria</strong></span> <span class='ocrx_word' id='word_1_118' title='bbox 819 2255 950 2321; x_wconf 85' lang='lat' dir='ltr'><strong>Graitim</strong></span> 
     </span>
     <span class='ocr_line' id='line_1_19' title="bbox 212 2359 984 2445; baseline -0.005 -19"><span class='ocrx_word' id='word_1_119' title='bbox 212 2361 323 2443; x_wconf 81' lang='lat' dir='ltr'><strong>Haesit,</strong></span> <span class='ocrx_word' id='word_1_120' title='bbox 338 2376 368 2426; x_wconf 90' lang='lat' dir='ltr'><strong>et</strong></span> <span class='ocrx_word' id='word_1_121' title='bbox 383 2363 412 2425; x_wconf 93' lang='lat' dir='ltr'><strong>in</strong></span> <span class='ocrx_word' id='word_1_122' title='bbox 427 2359 581 2425; x_wconf 88' lang='lat' dir='ltr'><strong>decimum</strong></span> <span class='ocrx_word' id='word_1_123' title='bbox 596 2362 728 2445; x_wconf 87' lang='lat' dir='ltr'><strong>vestigia</strong></span> <span class='ocrx_word' id='word_1_124' title='bbox 743 2359 845 2424; x_wconf 89' lang='lat' dir='ltr'><strong>retulit</strong></span> <span class='ocrx_word' id='word_1_125' title='bbox 860 2381 984 2424; x_wconf 86' lang='lat' dir='ltr'><strong>annum.</strong></span> 
     </span>
     <span class='ocr_line' id='line_1_20' title="bbox 211 2461 1067 2546; baseline -0.006 -17"><span class='ocrx_word' id='word_1_126' title='bbox 211 2464 313 2529; x_wconf 85' lang='lat' dir='ltr'><strong>Ambo</strong></span> <span class='ocrx_word' id='word_1_127' title='bbox 329 2465 448 2542; x_wconf 89' lang='lat' dir='ltr'><strong>animis,</strong></span> <span class='ocrx_word' id='word_1_128' title='bbox 462 2463 556 2526; x_wconf 90' lang='lat' dir='ltr'><strong>ambo</strong></span> <span class='ocrx_word' id='word_1_129' title='bbox 570 2461 704 2546; x_wconf 90' lang='lat' dir='ltr'><strong>insignes</strong></span> <span class='ocrx_word' id='word_1_130' title='bbox 718 2461 935 2546; x_wconf 71' lang='lat' dir='ltr'><strong>praestantibus</strong></span> <span class='ocrx_word' id='word_1_131' title='bbox 951 2463 1067 2526; x_wconf 75' lang='lat' dir='ltr'><strong>aruris:</strong></span> 
     </span>
    </p>
   </div>
   <div class='ocr_carea' id='block_1_3' title="bbox 212 2562 1064 3054">
    <p class='ocr_par' dir='ltr' id='par_1_4' title="bbox 212 2562 1064 2954">
     <span class='ocr_line' id='line_1_21' title="bbox 213 2562 1013 2653; baseline -0.009 -21"><span class='ocrx_word' id='word_1_132' title='bbox 213 2569 278 2633; x_wconf 86' lang='lat' dir='ltr'><strong>Hic</strong></span> <span class='ocrx_word' id='word_1_133' title='bbox 293 2567 408 2653; x_wconf 87' lang='lat' dir='ltr'><strong>pietate</strong></span> <span class='ocrx_word' id='word_1_134' title='bbox 423 2567 521 2651; x_wconf 86' lang='lat' dir='ltr'><strong>prior.</strong></span> <span class='ocrx_word' id='word_1_135' title='bbox 565 2562 687 2627; x_wconf 67' lang='lat' dir='ltr'><strong>Coeant</strong></span> <span class='ocrx_word' id='word_1_136' title='bbox 702 2566 734 2626; x_wconf 91' lang='lat' dir='ltr'><strong>in</strong></span> <span class='ocrx_word' id='word_1_137' title='bbox 749 2562 870 2627; x_wconf 82' lang='lat' dir='ltr'><strong>loedera</strong></span> <span class='ocrx_word' id='word_1_138' title='bbox 883 2563 1013 2642; x_wconf 80' lang='lat' dir='ltr'><strong>dextrae,</strong></span> 
     </span>
     <span class='ocr_line' id='line_1_22' title="bbox 212 2665 1019 2750; baseline -0.009 -19"><span class='ocrx_word' id='word_1_139' title='bbox 212 2667 281 2750; x_wconf 77' lang='lat' dir='ltr'><strong>Qud</strong></span> <span class='ocrx_word' id='word_1_140' title='bbox 295 2666 406 2731; x_wconf 73' lang='lat' dir='ltr'><strong>dature</strong></span> <span class='ocrx_word' id='word_1_141' title='bbox 430 2679 477 2729; x_wconf 91' lang='lat' dir='ltr'><strong>ast</strong></span> <span class='ocrx_word' id='word_1_142' title='bbox 491 2665 583 2728; x_wconf 87' lang='lat' dir='ltr'><strong>armis</strong></span> <span class='ocrx_word' id='word_1_143' title='bbox 598 2676 783 2728; x_wconf 88' lang='lat' dir='ltr'><strong>concurrant</strong></span> <span class='ocrx_word' id='word_1_144' title='bbox 797 2685 885 2729; x_wconf 89' lang='lat' dir='ltr'><strong>arma</strong></span> <span class='ocrx_word' id='word_1_145' title='bbox 898 2675 1019 2740; x_wconf 83' lang='lat' dir='ltr'><strong>cavete.</strong></span> 
     </span>
     <span class='ocr_line' id='line_1_23' title="bbox 212 2765 1064 2853; baseline -0.007 -20"><span class='ocrx_word' id='word_1_146' title='bbox 212 2769 253 2834; x_wconf 87' lang='lat' dir='ltr'><strong>Et</strong></span> <span class='ocrx_word' id='word_1_147' title='bbox 266 2787 416 2853; x_wconf 79' lang='lat' dir='ltr'><strong>respousa</strong></span> <span class='ocrx_word' id='word_1_148' title='bbox 430 2765 519 2830; x_wconf 89' lang='lat' dir='ltr'><strong>simul</strong></span> <span class='ocrx_word' id='word_1_149' title='bbox 534 2786 603 2850; x_wconf 85' lang='lat' dir='ltr'><strong>quae</strong></span> <span class='ocrx_word' id='word_1_150' title='bbox 618 2767 688 2844; x_wconf 86' lang='lat' dir='ltr'><strong>sint,</strong></span> <span class='ocrx_word' id='word_1_151' title='bbox 702 2785 760 2829; x_wconf 88' lang='lat' dir='ltr'><strong>rex</strong></span> <span class='ocrx_word' id='word_1_152' title='bbox 774 2768 899 2851; x_wconf 87' lang='lat' dir='ltr'><strong>optime,</strong></span> <span class='ocrx_word' id='word_1_153' title='bbox 914 2767 996 2851; x_wconf 90' lang='lat' dir='ltr'><strong>regis</strong></span> <span class='ocrx_word' id='word_1_154' title='bbox 1063 2811 1064 2816; x_wconf 19' lang='grc' dir='ltr'>η</span> 
     </span>
     <span class='ocr_line' id='line_1_24' title="bbox 213 2867 920 2954; baseline -0.007 -20"><span class='ocrx_word' id='word_1_155' title='bbox 213 2868 346 2950; x_wconf 79' lang='lat' dir='ltr'><strong>Audisti,</strong></span> <span class='ocrx_word' id='word_1_156' title='bbox 360 2881 390 2932; x_wconf 92' lang='lat' dir='ltr'><strong>et</strong></span> <span class='ocrx_word' id='word_1_157' title='bbox 404 2888 470 2953; x_wconf 76' lang='lat' dir='ltr'><strong>qua</strong></span> <span class='ocrx_word' id='word_1_158' title='bbox 485 2867 523 2932; x_wconf 90' lang='lat' dir='ltr'><strong>sit</strong></span> <span class='ocrx_word' id='word_1_159' title='bbox 537 2888 649 2954; x_wconf 87' lang='lat' dir='ltr'><strong>magno</strong></span> <span class='ocrx_word' id='word_1_160' title='bbox 663 2867 813 2932; x_wconf 87' lang='lat' dir='ltr'><strong>sententia</strong></span> <span class='ocrx_word' id='word_1_161' title='bbox 827 2867 920 2932; x_wconf 90' lang='lat' dir='ltr'><strong>bello.</strong></span> 
     </span>
    </p>

    <p class='ocr_par' dir='ltr' id='par_1_5' title="bbox 254 2969 983 3054">
     <span class='ocr_line' id='line_1_25' title="bbox 254 2969 983 3054; baseline -0.004 -19"><span class='ocrx_word' id='word_1_162' title='bbox 254 2969 322 3036; x_wconf 88' lang='lat' dir='ltr'><strong>Vix</strong></span> <span class='ocrx_word' id='word_1_163' title='bbox 337 2991 375 3034; x_wconf 89' lang='lat' dir='ltr'><strong>ea</strong></span> <span class='ocrx_word' id='word_1_164' title='bbox 389 2969 502 3054; x_wconf 79' lang='lat' dir='ltr'><strong>legati3</strong></span> <span class='ocrx_word' id='word_1_165' title='bbox 523 2971 690 3053; x_wconf 89' lang='lat' dir='ltr'><strong>variusque</strong></span> <span class='ocrx_word' id='word_1_166' title='bbox 704 2988 831 3053; x_wconf 86' lang='lat' dir='ltr'><strong>perora</strong></span> <span class='ocrx_word' id='word_1_167' title='bbox 845 2972 983 3032; x_wconf 83' lang='lat' dir='ltr'><strong>cucurrit</strong></span> 
     </span>
    </p>
   </div>
   <div class='ocr_carea' id='block_1_4' title="bbox 120 3070 1070 4176">
    <p class='ocr_par' dir='ltr' id='par_1_6' title="bbox 212 3070 1039 3136">
     <span class='ocr_line' id='line_1_26' title="bbox 212 3070 1039 3136; baseline 0 0"><span class='ocrx_word' id='word_1_168' title='bbox 212 3070 403 3136; x_wconf 83' lang='lat' dir='ltr'><strong>Ausonidum</strong></span> <span class='ocrx_word' id='word_1_169' title='bbox 419 3072 544 3136; x_wconf 88' lang='lat' dir='ltr'><strong>turbata</strong></span> <span class='ocrx_word' id='word_1_170' title='bbox 559 3073 692 3134; x_wconf 77' lang='lat' dir='ltr'><strong>fremor:</strong></span> <span class='ocrx_word' id='word_1_171' title='bbox 716 3091 774 3133; x_wconf 88' lang='lat' dir='ltr'><strong>ceu</strong></span> <span class='ocrx_word' id='word_1_172' title='bbox 788 3091 866 3134; x_wconf 86' lang='lat' dir='ltr'><strong>saxa</strong></span> <span class='ocrx_word' id='word_1_173' title='bbox 881 3083 1039 3136; x_wconf 86' lang='lat' dir='ltr'><strong>morantur</strong></span> 
     </span>
    </p>

    <p class='ocr_par' dir='ltr' id='par_1_7' title="bbox 120 3171 1063 3360">
     <span class='ocr_line' id='line_1_27' title="bbox 211 3171 1063 3260; baseline 0.001 -22"><span class='ocrx_word' id='word_1_174' title='bbox 211 3175 315 3256; x_wconf 82' lang='lat' dir='ltr'><strong>Quum</strong></span> <span class='ocrx_word' id='word_1_175' title='bbox 329 3173 455 3260; x_wconf 89' lang='lat' dir='ltr'><strong>rapidos</strong></span> <span class='ocrx_word' id='word_1_176' title='bbox 470 3194 593 3252; x_wconf 80' lang='lat' dir='ltr'><strong>amnes3</strong></span> <span class='ocrx_word' id='word_1_177' title='bbox 615 3171 648 3235; x_wconf 89' lang='lat' dir='ltr'><strong>fit</strong></span> <span class='ocrx_word' id='word_1_178' title='bbox 662 3171 768 3236; x_wconf 89' lang='lat' dir='ltr'><strong>clauso</strong></span> <span class='ocrx_word' id='word_1_179' title='bbox 782 3175 902 3259; x_wconf 84' lang='lat' dir='ltr'><strong>gurgite</strong></span> <span class='ocrx_word' id='word_1_180' title='bbox 917 3194 1063 3254; x_wconf 89' lang='lat' dir='ltr'><strong>murmur,</strong></span> 
     </span>
     <span class='ocr_line' id='line_1_28' title="bbox 120 3273 985 3360; baseline 0.001 -22"><span class='ocrx_word' id='word_1_181' title='bbox 120 3323 134 3338; x_wconf 86' lang='lat'><em>.</em></span> <span class='ocrx_word' id='word_1_182' title='bbox 212 3277 396 3360; x_wconf 74' lang='lat' dir='ltr'><strong>vicinaeque</strong></span> <span class='ocrx_word' id='word_1_183' title='bbox 411 3276 542 3339; x_wconf 80' lang='lat' dir='ltr'><strong>fremunt</strong></span> <span class='ocrx_word' id='word_1_184' title='bbox 556 3277 632 3360; x_wconf 72' lang='lat' dir='ltr'><strong>ripae</strong></span> <span class='ocrx_word' id='word_1_185' title='bbox 646 3274 870 3358; x_wconf 85' lang='lat' dir='ltr'><strong>crepitantibus</strong></span> <span class='ocrx_word' id='word_1_186' title='bbox 884 3273 985 3339; x_wconf 89' lang='lat' dir='ltr'><strong>undis.</strong></span> 
     </span>
    </p>

    <p class='ocr_par' dir='ltr' id='par_1_8' title="bbox 213 3365 1070 3466">
     <span class='ocr_line' id='line_1_29' title="bbox 213 3365 1070 3466; baseline -0.005 -21"><span class='ocrx_word' id='word_1_187' title='bbox 213 3365 258 3445; x_wconf 87' lang='lat' dir='ltr'><strong>Ut</strong></span> <span class='ocrx_word' id='word_1_188' title='bbox 270 3375 403 3466; x_wconf 79' lang='lat' dir='ltr'><strong>primiim</strong></span> <span class='ocrx_word' id='word_1_189' title='bbox 417 3377 531 3463; x_wconf 88' lang='lat' dir='ltr'><strong>placati</strong></span> <span class='ocrx_word' id='word_1_190' title='bbox 546 3379 651 3455; x_wconf 89' lang='lat' dir='ltr'><strong>animi,</strong></span> <span class='ocrx_word' id='word_1_191' title='bbox 666 3387 696 3440; x_wconf 91' lang='lat' dir='ltr'><strong>et</strong></span> <span class='ocrx_word' id='word_1_192' title='bbox 711 3375 833 3460; x_wconf 90' lang='lat' dir='ltr'><strong>trepida</strong></span> <span class='ocrx_word' id='word_1_193' title='bbox 847 3397 904 3441; x_wconf 90' lang='lat' dir='ltr'><strong>ora</strong></span> <span class='ocrx_word' id='word_1_194' title='bbox 918 3375 1070 3462; x_wconf 76' lang='lat' dir='ltr'><strong>quiritant,</strong></span> 
     </span>
    </p>

    <p class='ocr_par' dir='ltr' id='par_1_9' title="bbox 215 3477 874 3560">
     <span class='ocr_line' id='line_1_30' title="bbox 215 3477 874 3560; baseline -0.005 -13"><span class='ocrx_word' id='word_1_195' title='bbox 215 3483 364 3547; x_wconf 74' lang='lat' dir='ltr'><strong>Praefatur</strong></span> <span class='ocrx_word' id='word_1_196' title='bbox 379 3479 479 3560; x_wconf 90' lang='lat' dir='ltr'><strong>divos,</strong></span> <span class='ocrx_word' id='word_1_197' title='bbox 493 3477 570 3544; x_wconf 89' lang='lat' dir='ltr'><strong>solio</strong></span> <span class='ocrx_word' id='word_1_198' title='bbox 585 3499 641 3542; x_wconf 82' lang='lat' dir='ltr'><strong>rex</strong></span> <span class='ocrx_word' id='word_1_199' title='bbox 657 3479 723 3542; x_wconf 92' lang='lat' dir='ltr'><strong>infit</strong></span> <span class='ocrx_word' id='word_1_200' title='bbox 737 3478 779 3542; x_wconf 91' lang='lat' dir='ltr'><strong>ab</strong></span> <span class='ocrx_word' id='word_1_201' title='bbox 794 3478 874 3544; x_wconf 82' lang='lat' dir='ltr'><strong>alto:</strong></span> 
     </span>
    </p>

    <p class='ocr_par' dir='ltr' id='par_1_10' title="bbox 215 3579 1029 4176">
     <span class='ocr_line' id='line_1_31' title="bbox 256 3579 1029 3668; baseline -0.004 -18"><span class='ocrx_word' id='word_1_202' title='bbox 256 3585 337 3650; x_wconf 68' lang='lat' dir='ltr'><strong>Ante</strong></span> <span class='ocrx_word' id='word_1_203' title='bbox 353 3582 496 3668; x_wconf 83' lang='lat' dir='ltr'><strong>equidem</strong></span> <span class='ocrx_word' id='word_1_204' title='bbox 510 3579 627 3648; x_wconf 71' lang='lat' dir='ltr'><strong>summi</strong></span> <span class='ocrx_word' id='word_1_205' title='bbox 642 3580 682 3645; x_wconf 88' lang='lat' dir='ltr'><strong>de</strong></span> <span class='ocrx_word' id='word_1_206' title='bbox 696 3603 731 3646; x_wconf 86' lang='lat' dir='ltr'><strong>re</strong></span> <span class='ocrx_word' id='word_1_207' title='bbox 746 3581 896 3661; x_wconf 88' lang='lat' dir='ltr'><strong>statuisse,</strong></span> <span class='ocrx_word' id='word_1_208' title='bbox 915 3581 1029 3663; x_wconf 89' lang='lat' dir='ltr'><strong>Latini,</strong></span> 
     </span>
     <span class='ocr_line' id='line_1_32' title="bbox 216 3680 999 3767; baseline -0.004 -16"><span class='ocrx_word' id='word_1_209' title='bbox 216 3687 256 3752; x_wconf 88' lang='lat' dir='ltr'><strong>Et</strong></span> <span class='ocrx_word' id='word_1_210' title='bbox 271 3685 391 3764; x_wconf 85' lang='lat' dir='ltr'><strong>vellem,</strong></span> <span class='ocrx_word' id='word_1_211' title='bbox 407 3697 438 3748; x_wconf 93' lang='lat' dir='ltr'><strong>et</strong></span> <span class='ocrx_word' id='word_1_212' title='bbox 452 3684 552 3747; x_wconf 78' lang='lat' dir='ltr'><strong>tuerat</strong></span> <span class='ocrx_word' id='word_1_213' title='bbox 566 3680 693 3747; x_wconf 77' lang='lat' dir='ltr'><strong>melitis:</strong></span> <span class='ocrx_word' id='word_1_214' title='bbox 716 3705 776 3746; x_wconf 91' lang='lat' dir='ltr'><strong>non</strong></span> <span class='ocrx_word' id='word_1_215' title='bbox 791 3693 928 3767; x_wconf 88' lang='lat' dir='ltr'><strong>tempore</strong></span> <span class='ocrx_word' id='word_1_216' title='bbox 944 3683 999 3748; x_wconf 89' lang='lat' dir='ltr'><strong>tali</strong></span> 
     </span>
     <span class='ocr_line' id='line_1_33' title="bbox 215 3781 1008 3874; baseline -0.004 -21"><span class='ocrx_word' id='word_1_217' title='bbox 215 3790 337 3874; x_wconf 86' lang='lat' dir='ltr'><strong>Cogere</strong></span> <span class='ocrx_word' id='word_1_218' title='bbox 351 3785 526 3866; x_wconf 90' lang='lat' dir='ltr'><strong>concilium,</strong></span> <span class='ocrx_word' id='word_1_219' title='bbox 541 3807 635 3870; x_wconf 90' lang='lat' dir='ltr'><strong>quum</strong></span> <span class='ocrx_word' id='word_1_220' title='bbox 650 3805 752 3848; x_wconf 89' lang='lat' dir='ltr'><strong>muros</strong></span> <span class='ocrx_word' id='word_1_221' title='bbox 767 3781 887 3848; x_wconf 84' lang='lat' dir='ltr'><strong>adsidet</strong></span> <span class='ocrx_word' id='word_1_222' title='bbox 901 3783 1008 3850; x_wconf 83' lang='lat' dir='ltr'><strong>hostis.</strong></span> 
     </span>
     <span class='ocr_line' id='line_1_34' title="bbox 217 3885 1006 3974; baseline -0.005 -18"><span class='ocrx_word' id='word_1_223' title='bbox 217 3886 337 3956; x_wconf 89' lang='lat' dir='ltr'><strong>Bellum</strong></span> <span class='ocrx_word' id='word_1_224' title='bbox 351 3889 566 3974; x_wconf 87' lang='lat' dir='ltr'><strong>importunum,</strong></span> <span class='ocrx_word' id='word_1_225' title='bbox 578 3888 673 3967; x_wconf 77' lang='lat' dir='ltr'><strong>circe,</strong></span> <span class='ocrx_word' id='word_1_226' title='bbox 686 3905 756 3950; x_wconf 90' lang='lat' dir='ltr'><strong>cum</strong></span> <span class='ocrx_word' id='word_1_227' title='bbox 771 3897 862 3970; x_wconf 87' lang='lat' dir='ltr'><strong>gente</strong></span> <span class='ocrx_word' id='word_1_228' title='bbox 871 3885 1006 3952; x_wconf 68' lang='lat' dir='ltr'><strong>&#39;deorum</strong></span> 
     </span>
     <span class='ocr_line' id='line_1_35' title="bbox 215 3987 979 4077; baseline -0.005 -19"><span class='ocrx_word' id='word_1_229' title='bbox 215 3991 400 4075; x_wconf 85' lang='lat' dir='ltr'><strong>invictisque</strong></span> <span class='ocrx_word' id='word_1_230' title='bbox 415 3991 489 4054; x_wconf 89' lang='lat' dir='ltr'><strong>viris</strong></span> <span class='ocrx_word' id='word_1_231' title='bbox 503 3991 647 4077; x_wconf 91' lang='lat' dir='ltr'><strong>gerimus,</strong></span> <span class='ocrx_word' id='word_1_232' title='bbox 661 4009 737 4074; x_wconf 91' lang='lat' dir='ltr'><strong>quos</strong></span> <span class='ocrx_word' id='word_1_233' title='bbox 751 3987 836 4052; x_wconf 90' lang='lat' dir='ltr'><strong>nulla</strong></span> <span class='ocrx_word' id='word_1_234' title='bbox 850 3988 979 4074; x_wconf 81' lang='lat' dir='ltr'><strong>fatigant</strong></span> 
     </span>
     <span class='ocr_line' id='line_1_36' title="bbox 218 4091 914 4176; baseline -0.011 -14"><span class='ocrx_word' id='word_1_235' title='bbox 218 4091 341 4174; x_wconf 83' lang='lat' dir='ltr'><strong>Proelia,</strong></span> <span class='ocrx_word' id='word_1_236' title='bbox 356 4113 414 4163; x_wconf 89' lang='lat' dir='ltr'><strong>nec</strong></span> <span class='ocrx_word' id='word_1_237' title='bbox 428 4092 503 4157; x_wconf 89' lang='lat' dir='ltr'><strong>victi</strong></span> <span class='ocrx_word' id='word_1_238' title='bbox 516 4104 643 4176; x_wconf 89' lang='lat' dir='ltr'><strong>possunt</strong></span> <span class='ocrx_word' id='word_1_239' title='bbox 657 4091 806 4156; x_wconf 88' lang='lat' dir='ltr'><strong>absistere</strong></span> <span class='ocrx_word' id='word_1_240' title='bbox 820 4091 914 4156; x_wconf 81' lang='lat' dir='ltr'><strong>terro.</strong></span> 
     </span>
    </p>
   </div>
   <div class='ocr_carea' id='block_1_5' title="bbox 0 0 1506 5124">
    <p class='ocr_par' dir='ltr' id='par_1_11' title="bbox 0 0 1506 5124">
     <span class='ocr_line' id='line_1_37' title="bbox 0 0 1506 5124; baseline 0 0"><span class='ocrx_word' id='word_1_241' title='bbox 0 0 1506 5124; x_wconf 95' lang='lat' dir='ltr'><strong> </strong></span> 
     </span>
    </p>
   </div>
  </div>
 </body>
</html>
