2914 5130
203 515 260 572 tte
648 513 837 575 AENEIDOS

250 672 398 759 Magnum
414 675 527 761 reginre
542 671 695 739 sedenim
710 677 875 738 miseratus
889 693 1028 740 amorem

248 774 410 856 Daedalus,
425 777 492 862 ipse
506 775 595 841 dolos
610 781 684 844 tecti
699 779 910 864 ambagesque
924 776 1061 858 resolvit,

251 879 346 944 Ceca
361 901 471 967 regens
486 880 538 944 filo
553 881 693 968 vestigia.
737 881 787 945 Tu
802 903 926 966 quoque
941 901 1084 968 magnam

248 981 376 1048 Partem
391 1003 486 1070 opere
501 983 532 1048 in
547 995 642 1063 tanto,
656 987 773 1050 sineret
785 982 885 1064 dolor,
901 985 1000 1064 letare,
1015 983 1161 1050 haberes.

250 1085 306 1150 Bis
320 1099 449 1151 conatus
463 1098 531 1151 eret
544 1107 637 1152 cesus
652 1087 797 1174 effingere
811 1088 842 1158 in
857 1109 951 1167 auro;

250 1189 307 1254 Bis
321 1189 429 1275 patriae
445 1189 592 1256 cocidere
607 1211 726 1256 manus.
770 1192 855 1274 Quin
869 1203 1016 1278 protenus
1030 1194 1135 1256 omnia

251 1291 450 1380 Perlegerent
464 1293 571 1374 oculis,
585 1297 617 1358 ni
628 1295 695 1380 jam
709 1297 887 1380 praemissus
901 1293 1040 1360 Achates

249 1393 378 1476 Afforet,
393 1411 486 1482 atque
500 1397 562 1462 una
578 1397 689 1463 Pboebi
704 1399 884 1484 Triviaeque
898 1397 1055 1478 sacerdos,

248 1497 416 1585 Deiphobe
430 1499 554 1581 Glauci,
565 1501 650 1566 satur
664 1521 731 1587 que
746 1499 822 1566 talia
836 1503 902 1588 regi
914 1525 922 1563 ε

250 1601 321 1668 Non
337 1603 397 1669 hoc
412 1608 472 1670 ista
486 1605 546 1670 sibi
561 1617 681 1691 tempus
695 1605 875 1691 spectacula
889 1605 1006 1691 poscit:

249 1705 341 1771 Nunc
354 1729 448 1796 grege
463 1705 503 1771 de
518 1709 635 1773 intacto
649 1721 768 1795 septem
779 1720 922 1772 mactare
939 1707 1091 1793 juvencos

249 1807 442 1892 Praestiterit,
457 1809 584 1875 totidem
599 1807 696 1876 lectas
709 1811 750 1876 de
765 1831 852 1876 more
871 1809 1026 1877 bidentes.

292 1913 425 1980 Talibus
440 1913 535 1980 allata
552 1913 670 1980 AEnean
685 1913 761 1998 (nee
776 1935 867 1981 sacra
882 1929 1042 1979 morantur

248 2016 268 2079 J
270 2039 341 2082 ussa
355 2017 431 2102 viri)
447 2017 587 2083 Teucros
601 2032 695 2082 vocet
709 2015 772 2083 alta
786 2021 819 2082 in
835 2015 950 2103 templa
965 2015 1123 2081 sacerdos.

246 2117 397 2186 chisum
413 2121 563 2188 Euboicoe
578 2120 658 2187 latus
673 2123 778 2209 ingens
791 2125 878 2208 rupis
892 2125 924 2186 in
939 2133 1070 2204 antrum,

246 2222 318 2307 Qud
332 2225 386 2290 lati
400 2223 516 2290 ducunt
531 2225 633 2290 aditos
647 2240 780 2306 centum,
794 2226 874 2316 ostia
888 2238 1030 2304 centum3

247 2325 341 2392 Unde
355 2343 447 2394 ruunt
461 2327 589 2394 totidem
603 2349 707 2410 voces,
719 2349 867 2414 responsa
883 2325 1026 2414 Sibyllae.

247 2430 384 2498 Ventum
399 2447 467 2497 erat
481 2433 522 2496 ad
538 2432 641 2513 limen,
656 2453 751 2518 quum
765 2433 862 2520 virgo,
879 2431 1012 2496 Poscere
1026 2429 1092 2495 sata

247 2535 396 2622 Tempus,
411 2538 471 2602 ait:
496 2535 583 2616 deus,
598 2557 684 2617 ecce,
698 2535 787 2601 deus.
831 2535 892 2601 Cui
908 2536 983 2602 tolia
997 2536 1075 2600 santi

246 2641 328 2704 Ante
342 2641 435 2720 sores,
450 2639 552 2705 subitd
566 2662 627 2706 non
642 2641 753 2722 vultus,
768 2662 829 2705 non
844 2638 932 2705 color
946 2659 1033 2719 unus,

247 2741 318 2808 Non
333 2757 465 2830 compte
481 2743 623 2810 mansere
638 2764 756 2824 comm3
778 2743 834 2808 sed
849 2757 958 2831 pectus
971 2743 1118 2810 anhelum

243 2846 288 2914 Et
302 2848 391 2912 rabie
406 2847 471 2914 lere
487 2847 585 2912 corda
600 2860 726 2928 tument,
741 2850 900 2936 majorque
914 2847 1026 2927 videri,

247 2951 316 3017 Nec
331 2950 461 3016 mortale
476 2971 599 3030 sonans,
614 2947 717 3016 afflata
732 2963 779 3014 est
794 2954 918 3016 numine
933 2949 1058 3037 quando

160 3111 164 3122 ,
244 3053 318 3116 Jam
332 3054 478 3140 propiore
492 3053 555 3118 dei.
599 3053 714 3118 Cessas
729 3057 761 3119 in
776 3066 848 3119 voto
863 3075 1047 3141 precesque,

247 3153 339 3234 Tros,
354 3155 406 3236 ait,
422 3155 541 3240 AEneal
562 3159 689 3222 cessas?
710 3176 810 3241 neque
826 3157 908 3221 enim
923 3155 996 3221 anti
1011 3154 1175 3222 dehiscent

247 3265 394 3328 Attonitae
410 3285 521 3348 magna
535 3285 592 3328 ora
605 3263 727 3329 domlls.
772 3265 812 3330 Et
827 3263 900 3329 talia
916 3267 991 3347 lata,

247 3364 416 3432 Conticuit.
459 3364 590 3430 Gelidus
604 3365 737 3430 Teucris
751 3389 809 3454 per
823 3365 902 3432 dura
916 3368 1054 3432 cucurrit

247 3469 328 3534 Ossa
342 3482 475 3549 tremor3
496 3467 659 3553 funditque
673 3491 785 3555 preces
799 3491 857 3534 rex
870 3485 999 3556 pectore
1015 3473 1057 3538 ab
1071 3473 1153 3536 imo:

290 3571 420 3652 Phoebe,
433 3593 546 3658 graves
560 3573 666 3660 Trojae
681 3593 804 3658 semper
817 3575 964 3639 miserete
978 3571 1112 3653 labores,

245 3673 401 3740 Dardana
416 3677 468 3760 qui
485 3673 607 3740 Paridis
621 3674 736 3740 direxti
752 3672 814 3740 tela
828 3695 998 3762 manusque

246 3777 370 3864 Corpus
384 3779 414 3843 in
430 3777 580 3860 AElacidae,
595 3801 723 3866 magnas
736 3779 884 3845 obeuntia
899 3793 999 3845 terras

245 3879 308 3944 Tot
323 3882 422 3946 maria
436 3885 561 3962 intravi,
575 3881 656 3948 duce
671 3894 712 3964 te,
726 3879 910 3968 penitlrsque
927 3883 1069 3971 repdstas

246 3985 422 4073 Massylum
436 4002 552 4074 gentes,
566 4001 780 4073 praetentaque
796 3987 941 4074 Syrtibus
956 4010 1050 4072 arva3

245 4089 318 4154 Jam
332 4087 459 4155 tandem
474 4089 572 4154 ltaliae
586 4089 729 4176 fugientis
742 4089 923 4176 prendimus
937 4113 1028 4158 oras:

247 4189 320 4258 Hsc
335 4191 475 4278 Trojana
490 4205 578 4256 tenus
592 4191 686 4258 firerlt
698 4193 822 4260 fortuna
835 4206 952 4261 secuta.
