2914 5130
672 539 787 602 uuna
806 541 855 602 lV.
1242 552 1297 610 115

263 699 326 767 Sed
342 704 412 786 quis
428 699 489 764 erit
502 695 636 762 modusl
657 709 710 762 aut
725 697 786 782 qud
800 719 881 764 nunc
896 701 1068 766 certamina
1081 703 1192 768 tanat

261 805 347 886 Quin
362 800 462 890 potitis
476 823 590 889 pacem
604 815 749 867 eternam
762 814 934 888 pactosque
948 803 1128 890 hymenaeos

264 905 477 972 Exercemusl
498 905 599 970 habes
613 906 677 970 toti
691 905 775 990 quod
790 920 890 972 mente
904 907 1028 994 petisti:
1237 915 1297 974 100

266 1009 364 1074 Ardet
379 1029 488 1074 amans
502 1007 597 1087 Dido,
611 1008 768 1092 traxitque
781 1029 839 1094 per
853 1031 923 1074 ossa
938 1011 1084 1076 lurorem.

264 1109 467 1176 Communem
482 1109 563 1174 hunc
578 1130 653 1196 ergo
667 1108 815 1194 populum
829 1111 1018 1196 paribusque
1032 1131 1176 1199 regamus

263 1213 439 1298 Auspiciis:
463 1211 555 1278 liceat
570 1211 709 1299 Phrygio
723 1215 843 1276 servire
857 1213 978 1295 marito,

261 1313 459 1398 Dotalesque
473 1325 533 1378 tuae
547 1313 664 1400 Tyrios
678 1315 857 1398 permittere
872 1313 1003 1379 dextr-re.

303 1415 368 1481 Olli
383 1416 494 1498 (sensit
508 1417 589 1480 enim
604 1415 748 1480 simulatis
761 1429 863 1482 mente
878 1415 1022 1498 locutam,
1236 1429 1294 1488 105

205 1511 216 1528 ’
262 1517 332 1601 Qud
344 1539 474 1604 regnum
490 1516 588 1582 ltaliae
604 1515 747 1604 Libycas
761 1531 917 1583 averteret
931 1520 1017 1602 oras)

262 1622 313 1687 Sic
327 1621 436 1686 contra
451 1633 498 1685 est
510 1624 651 1708 ingressa
665 1621 794 1687 Venus:
817 1622 893 1704 Quis
908 1618 983 1686 talia
997 1621 1125 1688 demens

262 1725 397 1804 Abnuat,
411 1737 464 1789 aut
478 1737 580 1788 tecum
594 1722 682 1788 malit
695 1721 884 1788 contendere
898 1722 1006 1788 belloi

248 1827 295 1916 ¹Si
308 1824 413 1907 modo,
428 1825 512 1911 quod
527 1847 689 1907 memoras,
703 1827 820 1892 iactum
835 1826 957 1892 lortuna
972 1839 1129 1913 sequatur.

261 1928 324 1994 Sed
338 1929 412 1994 latis
422 1929 542 1993 incerta
556 1927 641 1992 leror
655 1927 682 1991 si
695 1927 820 2012 Jupiter
832 1949 925 1994 unam
1025 1978 1038 1991 .
1235 1935 1294 1995 110

260 2033 337 2098 Esse
351 2031 430 2097 velit
443 2031 553 2118 Tyriis
567 2030 677 2094 urbem
691 2029 850 2118 Trojaque
865 2032 1023 2117 profectis,

261 2137 431 2202 Miscerive
445 2134 557 2221 probet
572 2131 713 2220 populos,
728 2148 781 2198 aut
795 2133 915 2200 loedera
924 2136 1024 2223 jungi.

260 2237 309 2304 'l'u
324 2239 459 2326 conjux3
480 2237 540 2301 tibi
553 2236 602 2301 fas
617 2238 753 2300 animum
766 2247 888 2302 tentare
902 2235 1071 2322 precando.

259 2341 381 2428 Perge3
402 2359 526 2424 sequar.
572 2337 653 2404 Tum
668 2343 713 2404 sic
729 2343 856 2425 excepit
869 2339 957 2426 regia
974 2339 1074 2406 Juno:

258 2443 388 2509 Mecum
402 2443 460 2508 erit
473 2445 533 2508 iste
549 2441 659 2506 labor:
682 2465 763 2508 nunc
778 2441 840 2528 qua
853 2443 973 2508 ratione
988 2442 1072 2529 quod
1086 2443 1179 2511 instat
1234 2452 1293 2511 115

258 2545 400 2612 Confieri
414 2549 522 2633 possit,
536 2548 656 2632 paucis,
671 2545 811 2627 adverte,
825 2546 960 2613 docebo.

258 2651 419 2717 Venatum
434 2649 549 2714 AEneas
563 2649 687 2735 unique
701 2652 877 2716 miserrima
892 2651 978 2718 Dido

259 2753 294 2818 ln
308 2774 417 2818 nemus
430 2756 479 2840 ire
493 2765 616 2838 parant,
629 2752 686 2816 ubi
700 2755 820 2836 primos
836 2757 991 2818 crastinus
1010 2768 1095 2820 ortus
1212 2747 1216 2758 ‘

256 2853 415 2920 Extulerit
428 2853 535 2934 Titan,
549 2853 710 2938 radiisque
725 2857 875 2919 retexerit
889 2857 1010 2920 orbem.

256 2957 320 3022 His
335 2979 394 3045 ego
409 2960 582 3043 nigrantem
597 2956 767 3022 commixta
780 2957 934 3043 grandine
952 2949 1102 3042 nimbum,
1146 2999 1149 3004 ·
1233 2969 1292 3029 120

257 3060 341 3126 Dum
355 3059 516 3146 trepidant
531 3059 600 3140 aloe,
614 3057 773 3143 saltusque
787 3058 936 3146 indagine
950 3064 1086 3148 cingunt,
1188 3075 1193 3084 '
1214 3068 1218 3080 ⁴
1244 3101 1248 3108 ·

256 3159 404 3248 Desuper
418 3159 590 3240 infundam,
605 3173 637 3224 et
650 3163 767 3254 tonitru
781 3160 897 3226 coelum
911 3183 1002 3228 omne
1016 3163 1120 3230 ciebo.
1247 3165 1248 3173 ’

255 3261 431 3349 Diffugient
443 3264 583 3340 comites,
599 3273 629 3324 et
643 3274 734 3326 nocte
749 3273 891 3348 tegentur
903 3263 1025 3349 opaca:

256 3365 446 3452 Speluncam
460 3362 547 3428 Dido
561 3362 627 3428 dux
642 3377 673 3427 et
687 3363 843 3451 Trojanus
858 3365 1000 3430 camdem

254 3467 447 3532 Devenient.
491 3464 619 3546 Adero3
641 3477 682 3545 et,
696 3479 749 3530 tua
764 3469 790 3530 si
806 3467 883 3532 mibi
897 3480 985 3532 certa
1000 3467 1152 3551 voluntas,
1230 3481 1288 3542 125

256 3569 429 3636 connubio
438 3571 567 3657 jungam
581 3567 698 3648 stabili,
712 3572 934 3654 propriamque
949 3567 1077 3634 dicabo.

256 3673 324 3740 Hic
339 3674 537 3761 Hymenaeus
552 3677 624 3738 erit.
666 3672 737 3738 Non
752 3672 919 3738 adversata
932 3677 1050 3758 petenti

257 3779 386 3857 Annuit,
401 3789 495 3862 atque
510 3774 590 3842 dolis
604 3779 672 3841 risit
686 3775 850 3863 Cytherea
865 3779 1010 3862 repertis.

298 3877 463 3944 Oceanum
476 3883 598 3944 interea
612 3899 740 3966 surgens
754 3881 878 3944 Aurora
892 3877 1051 3964 relinquit.

255 3979 285 4044 lt
297 3983 398 4066 portis
408 3979 523 4067 jubare
538 3991 647 4045 exorto
662 3977 786 4044 delecta
794 3979 959 4063 juventus:
1228 3993 1287 4058 [³0

256 4081 352 4148 Retia
365 4103 452 4163 rara,
465 4082 576 4169 plagae,
591 4081 655 4148 lato
668 4080 824 4149 venabula
838 4083 931 4164 ferro,

255 4181 456 4270 Massylique
470 4198 563 4252 ruunt
577 4185 706 4268 equites,
720 4195 752 4249 et
765 4181 864 4254 odora
878 4205 990 4253 cunum
1005 4191 1063 4253 vis.
