2914 5130
638 475 754 536 mnan
773 475 809 534 V.

228 637 337 722 Qualis
352 637 435 724 sepe
449 639 510 702 viae
525 634 698 722 deprensus
713 639 746 700 in
761 657 876 724 aggere
890 655 1029 724 serpens,

229 743 321 808 AErea
336 763 430 827 quem
444 741 606 826 obliquum
620 753 690 805 rota
705 740 837 820 transiit,
852 752 905 804 aut
918 742 1024 826 gravis
1039 739 1103 804 ictu

229 847 422 912 Seminecem
437 846 528 930 liquit
541 866 619 910 saxo
635 843 836 928 lacerumque
852 846 962 924 viator,
1153 927 1155 934 Ι
1202 847 1264 908 275
1371 829 1373 836 ¹

230 950 448 1037 Nequidquam
463 949 570 1036 longos
585 949 705 1036 fugiens
721 945 776 1010 dat
790 967 922 1032 corpore
938 957 1057 1026 tortus3

229 1052 318 1118 Parte
333 1053 435 1134 ferox,
450 1051 626 1135 ardensque
641 1048 750 1130 oculis,
764 1060 795 1114 et
809 1049 903 1114 sibila
919 1049 1002 1115 colla

229 1155 352 1222 Arduus
368 1153 513 1220 attollens
525 1181 534 1235 ;
553 1176 630 1240 pars
644 1152 773 1218 vulnere
788 1151 902 1216 clauda
915 1165 1049 1218 retentat

227 1257 403 1324 Nexantem
416 1257 516 1339 nodis,
530 1279 626 1342 seque
641 1260 677 1322 iu
688 1277 745 1320 sua
759 1253 901 1320 membra
915 1253 1099 1342 plicantem:

187 1369 190 1372 '
227 1359 298 1425 Tali
312 1365 446 1448 remigio
460 1364 550 1427 navis
565 1382 598 1424 se
614 1357 706 1425 tarda
721 1357 889 1437 movebat;
1201 1357 1264 1424 280
1280 1423 1283 1435 k

227 1463 309 1530 Vela
323 1466 401 1530 facit
415 1471 529 1546 tamen,
544 1477 575 1530 et
589 1461 668 1528 velis
682 1463 766 1528 subit
779 1461 858 1526 ostia
871 1460 983 1547 plenis.

227 1569 404 1656 Sergestum
419 1569 534 1634 AEneas
549 1570 703 1656 promisso
717 1588 845 1632 munere
860 1565 966 1646 donat,

228 1672 391 1736 Servatam
404 1673 448 1736 ob
462 1693 576 1737 navem
590 1668 679 1736 lutus
694 1669 857 1754 sociosque
872 1667 1028 1733 reductos.

226 1773 288 1841 Olli
302 1795 396 1839 serva
410 1774 503 1840 datur
517 1795 645 1860 operum
661 1769 745 1837 haud
761 1775 870 1858 ignara
886 1771 1047 1851 Minervae,

226 1875 343 1972 Cressa
356 1898 454 1966 genus
470 1876 598 1956 Pholoe,
611 1875 788 1964 geminique
803 1875 862 1940 sub
876 1875 973 1940 ubere
988 1877 1065 1940 nati.
1149 1903 1152 1912 ·
1202 1881 1263 1940 285

268 1979 343 2044 Hoc
358 1980 428 2064 pius
442 1977 558 2045 AEneas
573 1978 665 2044 misso
680 1979 852 2044 certamine
867 1977 965 2042 tendit

223 2083 427 2147 Gramineum
441 2083 472 2146 in
487 2103 641 2167 campum,
656 2103 750 2167 quem
764 2077 897 2144 collibus
911 2079 1046 2167 undique
1061 2085 1177 2150 curvis.

225 2183 404 2270 Cingebant
418 2183 526 2264 silvae3
547 2181 714 2268 mediisque
729 2183 761 2248 in
775 2183 858 2250 valle
872 2181 989 2248 theatri

225 2285 338 2351 Circus
353 2299 430 2365 erat,
446 2285 508 2372 qud
522 2308 557 2350 se
572 2285 673 2350 multis
687 2307 758 2351 cum
774 2285 910 2350 millibus
926 2284 1019 2351 heros

224 2388 382 2468 Consessu
396 2389 532 2454 medium
548 2388 626 2469 tulit,
641 2401 863 2474 exstructoque
877 2388 1005 2454 resedit.
1201 2395 1264 2454 290

225 2491 293 2557 ch
308 2495 363 2576 qui
377 2491 458 2556 forte
472 2491 569 2556 velint
583 2490 694 2578 rapido
709 2489 899 2556 contendere
913 2512 1008 2556 cursu

225 2593 336 2658 Invitat
350 2593 459 2680 pretiis
474 2593 603 2672 animos,
617 2607 648 2656 et
661 2589 791 2678 praer'uia
805 2593 901 2680 ponit.

226 2695 374 2783 Undique
388 2699 577 2764 conveniunt
590 2697 718 2779 Teucri,
731 2697 881 2784 mixtique
897 2699 1021 2768 Sicani:

225 2800 318 2866 Nisus
333 2814 365 2866 et
380 2800 538 2888 Euryalus
553 2800 644 2886 primi
657 2827 666 2881 ς

224 2903 386 2991 Euryalus
399 2901 500 2968 forma
516 2904 641 2990 insignis
657 2903 810 2991 viridique
820 2906 960 2994 juventa,

225 3007 319 3072 Nisus
333 3028 439 3072 amore
454 3010 508 3094 pio
522 3007 630 3093 pueri:
653 3030 731 3093 quos
746 3007 859 3075 deinde
874 3023 997 3076 secutus

227 3109 343 3199 Regius
358 3111 482 3200 egregia
498 3111 614 3176 Priami
629 3111 670 3176 de
685 3113 780 3198 stirpe
794 3113 930 3180 Diores:

228 3215 322 3280 Hunc
338 3213 450 3295 Salius,
464 3213 555 3278 simul
570 3226 601 3278 et
616 3213 753 3296 Patron3
775 3237 906 3302 quorum
922 3217 1001 3282 alter
1015 3219 1173 3302 Acarnan,

227 3315 313 3383 Alter
328 3317 372 3382 ab
386 3316 526 3382 Arcadio
540 3319 682 3406 Tegeaee
697 3320 844 3408 sanguine
858 3321 978 3408 gentis:

226 3419 253 3484 'l'
253 3443 305 3485 um
320 3420 384 3486 duo
399 3419 554 3486 'llinacrii
564 3424 705 3509 juvenes,
720 3423 879 3512 Helymus
902 3426 1116 3512 Panopesque,
1203 3431 1265 3490 300

226 3525 349 3589 Assueti
362 3523 458 3606 silvis,
472 3524 601 3590 comites
616 3527 744 3592 senioris
758 3530 902 3593 Acestae:

226 3627 315 3692 lllulti
329 3640 485 3714 praterea
499 3650 576 3714 quos
592 3631 676 3696 sama
690 3631 825 3698 obscura
839 3631 991 3698 recondit.

226 3727 339 3794 AEneas
355 3728 467 3814 quibus
482 3730 513 3794 in
527 3731 640 3796 mediis
655 3734 699 3799 sic
714 3733 828 3798 deinde
843 3732 981 3798 loeutus:

226 3832 368 3918 Accipite
383 3831 448 3898 hec
465 3837 586 3916 animis,
601 3834 751 3922 latasque
765 3836 918 3902 advertite
933 3849 1071 3904 mentes:

224 3932 324 3999 Nemo
339 3955 381 4000 ex
396 3935 456 4000 hoc
471 3958 599 4002 numero
612 3937 688 4004 mihi
702 3962 764 4004 non
778 3938 911 4004 donatus
926 3939 1034 4004 abibit.
1201 3951 1264 4010 305

223 4035 340 4102 Gnosia
354 4037 430 4104 bina
443 4037 528 4106 dabo
543 4039 646 4108 levato
661 4041 766 4108 lucida
780 4043 864 4108 lerro
971 4069 973 4076 ·

226 4140 360 4226 Spicula,
375 4143 577 4232 celatamque
591 4161 720 4234 argento
735 4147 818 4214 forre
833 4147 1017 4234 bipennem:
