2914 5130
595 541 711 604 LIBER
730 541 778 602 Vi.

198 709 257 775 Hic
271 707 444 774 thalamum
457 707 571 772 invasit
584 719 675 788 uatae,
689 709 862 792 vetitosque
877 706 1069 795 hymenaeos.
1087 714 1097 745 '

195 813 268 878 Ausi
282 833 389 878 omnes
404 815 537 876 immone
552 807 649 888 nefas,
664 831 802 896 ausoque
816 811 916 897 potiti.

195 915 272 996 Non,
286 915 361 982 mihi
376 917 403 979 si
418 913 526 1002 lingue
541 927 663 978 centum
678 914 748 994 siut,
761 937 879 1000 oraque
894 927 1028 997 centum,
1166 919 1233 978 625

196 1017 308 1084 Ferrea
323 1040 396 1099 vox,
411 1040 516 1084 omnes
532 1017 684 1082 scelerum
699 1017 926 1103 comprendere
941 1021 1066 1099 formas,

195 1119 304 1186 Omnia
319 1141 481 1207 poenarum
497 1141 682 1206 percurrere
697 1120 832 1202 nomina,
846 1125 972 1207 possim.

235 1227 318 1290 Hoec
333 1227 389 1290 ubi
403 1225 489 1290 dicta
504 1225 591 1290 dedit
607 1225 719 1290 Phoebi
735 1225 875 1312 longaeva
889 1225 1058 1292 sacerdos:

195 1328 254 1395 Sed
264 1331 333 1418 jam
348 1350 417 1416 age,
431 1351 527 1416 carpe
542 1331 635 1409 viam,
650 1343 680 1393 et
695 1339 871 1414 susceptum
884 1329 1001 1414 perfice
1015 1351 1142 1396 munus:

194 1433 424 1513 Acceleremus,
436 1433 491 1498 eit.
536 1431 713 1520 Cyclopum
729 1431 842 1497 educta
857 1433 987 1498 caminis
1167 1439 1228 1496 630

194 1535 311 1601 Moenia
325 1537 603 1622 conspiciuntque
618 1535 751 1600 adverso
767 1535 886 1600 iorniee
900 1548 1016 1623 portas,

194 1639 271 1706 Haec
285 1641 342 1706 ubi
356 1663 411 1704 nos
425 1651 585 1725 praecepta
595 1639 707 1726 jubent
721 1638 878 1724 deponere
894 1638 988 1704 dona.

192 1741 345 1822 Dixerat3
366 1758 397 1807 ct
412 1743 539 1828 pariter,
553 1745 652 1828 gressi
666 1763 838 1830 peropaca
853 1746 985 1824 viarum,

192 1844 370 1932 Corripiunt
384 1848 517 1931 spatium
532 1843 678 1924 medium,
693 1845 873 1932 foribusque
887 1849 1107 1932 propinquant.

189 1947 334 2034 Occupat
349 1947 463 2014 Encas
478 1947 607 2030 aditum,
621 1971 798 2034 corpusque
813 1949 931 2013 recenti
1166 1951 1227 2010 63⁵

192 2053 316 2140 Spargit
330 2051 421 2136 aquei,
435 2073 617 2136 ramumque
632 2049 765 2114 adverso
780 2055 812 2116 in
827 2049 933 2116 limine
949 2049 1022 2136 figit.

231 2155 295 2221 His
309 2153 433 2220 demum
448 2155 579 2234 exactis,
593 2155 734 2240 perfecto
748 2176 875 2219 munere
890 2154 982 2236 divo,

190 2256 358 2325 Devendre
373 2257 458 2322 locos
473 2256 570 2337 iaetoe,
585 2269 616 2321 et
631 2275 752 2322 amoeno
767 2259 867 2322 vireta

191 2362 427 2428 Fortunatorum
442 2381 613 2440 nemorum,
626 2358 780 2446 sedesque
794 2358 916 2426 bestias.

188 2465 323 2553 Largior
338 2463 391 2529 hic
405 2485 534 2549 campos
548 2462 648 2527 aether
662 2477 693 2527 et
707 2463 822 2528 lumine
835 2467 928 2528 vestit

190 2569 370 2655 Purpureo3
392 2566 551 2652 solemque
566 2588 663 2647 suurn,
678 2589 733 2630 sua
748 2565 862 2649 sidera,
877 2565 999 2632 ndrunt.

188 2672 263 2740 Pers
277 2678 310 2738 in
325 2673 493 2760 gramineis
508 2683 656 2736 exercent
671 2671 812 2735 membra
827 2669 1000 2756 pnlaestris3

187 2774 388 2842 Contendunt
402 2773 485 2854 iudo,
500 2787 531 2838 et
545 2771 630 2838 fulvii
646 2773 799 2838 luctantur
814 2775 929 2856 crenei3

187 2878 264 2943 Pars
279 2876 414 2964 pedibus
426 2874 579 2962 plaudunt
593 2875 737 2956 choreas,
752 2889 783 2940 et
796 2880 937 2942 carmina
951 2877 1068 2944 dicunt.

186 2979 254 3046 Nec
270 3002 333 3046 non
348 2979 515 3046 Threicius
530 2977 621 3066 longi
635 3001 706 3044 cum
721 2993 807 3044 veste
821 2979 971 3046 sacerdos
1161 2987 1223 3048 646

186 3084 376 3170 Obloquitur
391 3085 527 3148 numeris
542 3097 660 3170 septem
675 3083 858 3149 discrimina
872 3107 999 3151 vocume

184 3187 321 3274 Jamque
336 3185 446 3250 eadem
461 3185 577 3272 digitis,
587 3187 653 3273 jam
668 3189 792 3272 pectine
806 3189 909 3274 pulsnt
923 3189 1053 3254 eburno.

186 3293 252 3358 Hic
267 3313 366 3378 genus
380 3293 541 3376 antiquum
555 3291 683 3370 Teucri,
696 3291 908 3378 pulcherrima
922 3293 1036 3380 proies,

185 3395 380 3483 Magnanimi
395 3395 517 3475 herode,
532 3398 595 3459 nati
611 3393 792 3461 melioribus
807 3401 905 3477 annis,

184 3497 321 3585 iiosque,
334 3501 581 3584 Assaracusque,
595 3509 626 3562 et
641 3497 745 3586 'Ii-ojae
760 3499 928 3566 Dardanus
944 3514 1063 3567 auctor.
1161 3505 1223 3564 65⁰

185 3605 282 3666 Arma
295 3601 406 3688 procui
421 3622 594 3686 currusque
609 3600 709 3665 virtim
725 3605 854 3667 miratur
869 3605 986 3670 inanes.

185 3705 274 3771 Stant
288 3705 373 3770 terri
386 3705 499 3770 defixae
515 3703 623 3785 haste,
637 3706 813 3791 passimque
828 3707 919 3774 soluti

184 3809 246 3874 Per
259 3830 389 3895 campos
404 3823 573 3896 pascuntur
586 3813 670 3896 equi.
715 3811 793 3892 Quae
808 3816 910 3896 gratia
926 3813 1053 3878 currtim

181 3917 413 3998 Armorumque
429 3913 484 3978 iuit
499 3917 590 3994 vivis,
605 3935 674 4001 quae
689 3925 767 3978 cura
781 3917 914 3979 nitentes
1025 3955 1028 3966 ·

177 4015 316 4084 Poscere
331 4039 438 4104 equos,
452 4017 563 4083 eadem
578 4021 716 4103 sequitur
730 4017 840 4082 tellure
855 3999 1005 4104 repdstos.
1157 4027 1218 4086 655

178 4119 348 4206 Conspicit
359 4141 439 4187 ecce
454 4119 531 4186 alios
545 4121 658 4186 dextri
673 4121 814 4208 levisque
828 4142 885 4208 per
901 4120 1031 4196 herbam

182 4220 369 4306 vescentes,
383 4223 550 4314 ictumque
571 4223 794 4298 europeam
809 4235 966 4306 canentes,
