2992 5102
649 481 805 542 ECLOGA
825 483 872 541 Vl.

254 629 371 693 Aonas
383 631 414 694 in
428 643 552 695 montes
568 643 601 694 ut
617 631 737 695 duxerit
752 654 811 696 una
823 651 959 696 sororum
978 653 986 692 ε

257 730 372 818 thue
387 736 452 798 viro
469 733 583 800 Phoebi
600 738 710 802 chorus
725 738 925 803 assurrexerit
939 736 1055 816 omnis3

257 836 309 900 Ut
326 839 424 904 Linus
439 841 507 906 haec
523 841 564 906 illi
578 842 678 906 divino
694 844 829 908 carmine
844 857 957 927 pastor,

262 942 410 1010 Floribus
426 961 520 1031 atque
536 948 606 1032 apio
622 949 721 1012 crines
735 961 859 1012 ornatus
874 969 988 1025 amaro,

263 1048 410 1114 Dixerit:
434 1049 504 1116 Hos
519 1051 572 1115 tibi
588 1054 660 1116 dant
675 1053 821 1131 calamos,
838 1074 888 1128 en,
903 1051 1021 1135 accipe,
1037 1049 1143 1133 Musae,

260 1157 392 1219 Asoraeo
409 1177 487 1240 quos
502 1155 570 1219 ante
586 1157 675 1236 seni;
699 1157 808 1241 quibus
823 1156 873 1219 ille
888 1155 1004 1219 solebat
1250 1165 1292 1224 to

265 1259 433 1325 Cantando
449 1261 561 1345 rigidas
576 1261 733 1326 deducere
749 1262 900 1325 montibus
915 1281 1026 1325 omos:

267 1363 329 1430 His
343 1366 398 1430 tibi
414 1365 530 1449 Grynei
545 1368 679 1432 nemoris
695 1367 814 1430 dicetur
827 1366 922 1449 origo,

268 1472 322 1536 Ne
340 1475 406 1556 quis
421 1474 458 1536 sit
473 1471 559 1536 lucus
575 1495 635 1556 quo
651 1493 685 1536 se
697 1472 766 1556 plus
776 1471 873 1557 jactet
887 1470 1010 1555 Apollo.

316 1575 400 1650 Quid
413 1579 529 1663 loquar,
546 1591 579 1642 ut
597 1577 732 1662 Scyllam
750 1577 828 1655 Nisi,
844 1598 935 1662 quam
952 1578 1033 1642 sama
1048 1593 1154 1644 secuta
1168 1595 1225 1661 est,

268 1679 411 1746 Candida
427 1685 616 1746 succinctam
632 1682 807 1747 latrantibus
822 1683 943 1765 inguina
957 1685 1107 1763 monstris,
1248 1691 1291 1750 75

268 1783 432 1851 Dulichias
446 1785 581 1852 vexisse
598 1801 688 1865 rates,
706 1802 737 1850 et
752 1788 868 1871 gurgite
884 1788 914 1851 in
930 1789 990 1852 alto

266 1892 345 1955 Ant
368 1893 487 1958 timidos
502 1909 610 1957 nautas
625 1893 752 1957 canibus
767 1890 918 1962 lacerasse
933 1895 1056 1958 marinis
1069 1918 1078 1974 ;

265 1999 334 2060 Aut
349 2011 381 2060 ut
396 2011 526 2062 mutatos
540 1997 636 2062 Terei
652 1998 819 2062 narraverit
834 1995 938 2060 artu's?

268 2098 360 2175 Quas
375 2101 416 2166 illi
432 2101 606 2165 Philomela
622 2102 727 2186 dapes,
745 2121 810 2185 quaa
828 2100 908 2166 donc
922 2098 1057 2184 perierit?

144 2203 151 2210 '
267 2201 344 2278 Quo
359 2224 452 2267 cursu
469 2205 590 2267 deserta
604 2204 751 2287 petiverit,
768 2217 800 2267 et
816 2203 924 2287 quibus
936 2203 1004 2266 aute
1253 2205 1296 2265 80

263 2307 385 2371 Infelix
401 2328 457 2370 sua
471 2319 553 2370 tecta
568 2308 824 2392 supervolitaverit
839 2307 919 2372 alis?

316 2411 433 2476 Omnia
448 2433 523 2497 quar,
539 2411 659 2477 Phoebo
675 2414 828 2499 quondam
843 2415 1020 2491 meditante,
1035 2412 1142 2480 beatus

267 2515 379 2580 Audiit
394 2514 533 2597 Eurotas,
545 2517 695 2603 jussitque
712 2519 851 2584 ediscere
866 2519 977 2594 lauros,

271 2617 331 2682 Ille
343 2621 441 2686 canit:
462 2623 557 2708 pulsae
573 2622 709 2686 referunt
725 2625 764 2689 ad
781 2623 881 2688 sidera
895 2625 1010 2692 valles:

275 2720 397 2806 Cogere
412 2728 510 2792 donec
525 2748 602 2792 ovea
617 2728 740 2792 stabulis
752 2749 973 2814 numerumque
990 2729 1104 2797 referre
1251 2735 1291 2794 85

276 2825 379 2905 Jussit,
395 2845 424 2896 et
436 2833 529 2899 invito
541 2834 691 2918 processit
705 2833 826 2920 Vesper
842 2835 986 2920 Olympo.
