2978 5124
209 521 266 579 reo
365 469 368 476 ¹
644 518 832 580 assinos

253 679 356 762 Quum
369 689 459 764 pater
474 681 504 744 in
519 679 588 764 ripti
602 679 761 766 gelidique
776 681 835 746 sub
851 677 976 745 aetheris
991 701 1051 746 axe

254 781 379 862 AEueas,
393 785 473 846 tristi
488 783 628 846 turbatus
644 797 773 867 pectora
788 782 881 864 bello,

256 884 433 964 Procubuit,
448 907 609 970 seramque
624 885 711 950 dedit
725 909 783 971 per
796 888 936 953 membra
951 888 1095 972 quietem.

255 988 342 1052 Huic
357 987 434 1053 deus
449 992 516 1074 ipse
532 989 601 1068 loci,
616 989 709 1055 fluvio
723 989 892 1056 Tiberinus
907 1012 1038 1071 animno,

257 1089 408 1175 Populeas
424 1095 503 1155 inter
517 1095 620 1156 senior
636 1113 669 1156 se
685 1091 825 1156 attollere
840 1092 967 1157 frondes

255 1191 362 1258 Visus.
407 1194 485 1258 Eum
501 1197 600 1258 tenuis
614 1194 726 1281 glauco
741 1195 866 1259 velabat
882 1199 996 1260 amictu

255 1293 425 1375 carbasus,
440 1309 471 1360 et
485 1297 586 1361 crines
599 1297 747 1360 umbrosa
760 1297 885 1382 tegebat
899 1295 1030 1360 arundo.

255 1395 336 1460 Tum
351 1399 396 1461 sic
412 1395 509 1478 affari,
524 1410 555 1462 et
568 1419 660 1462 curas
677 1397 723 1461 bis
738 1395 864 1462 demere
878 1397 989 1462 dictisr

296 1498 406 1563 Osate
420 1513 511 1586 gente
526 1499 629 1578 desim,
644 1499 813 1584 Trojanam
827 1521 868 1564 ex
882 1499 1022 1564 hostibus
1037 1499 1147 1566 urbem

254 1605 315 1688 Qui
330 1605 454 1671 revehis
469 1607 568 1686 nobis,
583 1619 761 1691 aeternaque
778 1607 930 1693 Pergama
944 1627 1061 1686 servas,

253 1705 442 1793 Exspectate
457 1707 523 1772 solo
538 1709 687 1796 Laurenti
703 1709 847 1794 arvisque
863 1709 991 1788 maine,

252 1801 319 1873 Hic
335 1810 392 1875 tibi
406 1823 493 1874 certa
507 1809 632 1889 domus3
653 1813 741 1889 certi,
756 1833 796 1876 ne
811 1811 937 1890 absiste,
953 1811 1101 1891 Penates3

219 1971 222 1986 ‚
253 1909 323 1976 Neu
338 1910 411 1976 belli
426 1925 544 1975 terrere
559 1912 668 1976 minis:
692 1925 792 1976 tumor
805 1913 903 1976 omnis
915 1926 949 1976 et
962 1915 1019 1976 irae

252 2013 447 2080 Concessere
458 2014 562 2080 detim.

250 2117 384 2204 Jamque
399 2119 467 2199 tibi,
481 2141 519 2183 ne
536 2140 616 2184 vana
631 2133 720 2205 putes
736 2119 803 2184 haec
818 2119 934 2207 fingere
949 2141 1097 2200 somnum,

250 2219 399 2286 Littoreis
414 2222 520 2308 ingens
535 2223 658 2287 inventa
672 2223 730 2288 sub
745 2224 866 2287 ilicibus
881 2243 941 2302 sus,

250 2319 393 2409 Triginta
407 2323 544 2408 capitum
559 2325 650 2389 fotus
666 2326 768 2405 enixa,
782 2326 913 2412 jacebit,

249 2417 344 2505 Alba,
358 2423 427 2490 solo
439 2427 603 2506 recubans,
618 2425 683 2491 albi
697 2429 815 2492 circum
831 2428 929 2492 ubera
943 2431 1021 2492 nati.

249 2525 329 2610 [Hic
344 2527 430 2592 locus
445 2528 531 2592 urbis
546 2529 613 2610 erit,
628 2533 752 2615 requies
767 2551 806 2594 ea
819 2543 907 2594 certa
921 2529 1063 2600 laborum
1075 2529 1098 2615 r]

249 2631 300 2694 Ex
316 2653 377 2716 quo
392 2629 541 2695 terdenis
555 2632 666 2696 urbem
680 2632 880 2698 redeuntibus
896 2636 983 2698 annis

249 2734 401 2797 Ascanius
414 2732 493 2796 clari
508 2732 621 2798 condet
636 2736 826 2820 cognominis
840 2737 966 2801 Albam.

248 2833 347 2900 Haud
363 2838 481 2903 incerta
496 2857 587 2900 cano.
631 2837 721 2902 Nunc
737 2838 932 2922 quitatione
948 2839 1031 2925 quod
1046 2843 1140 2906 instat

248 2936 409 3022 Expedias
423 2939 531 3013 victor,
544 2941 664 3023 paucis,
679 2938 818 3020 adverte,
833 2940 967 3006 docebo.

248 3040 390 3106 Arcades
405 3041 453 3106 bis
467 3043 538 3121 oris,
552 3061 648 3128 genus
664 3064 683 3107 a
699 3043 838 3108 Pallante
853 3045 1034 3130 proiectum,
1091 3035 1094 3040 ⁵

246 3146 310 3228 Qui
325 3167 430 3233 regem
445 3145 626 3211 Evandrum
641 3148 778 3228 comites,
793 3151 846 3232 qui
862 3151 949 3235 signa
963 3152 1070 3229 secuti,
1176 3175 1180 3182 ·

246 3251 404 3339 Delegtire
419 3249 530 3330 locum,
544 3263 575 3316 et
589 3250 722 3336 posuere
737 3256 769 3316 in
784 3253 939 3318 montibus
954 3254 1073 3334 urbem,

248 3357 396 3422 Pallantis
410 3355 520 3442 proavi
532 3355 574 3420 de
588 3359 710 3420 nomine
726 3354 929 3422 Pallanteum.

246 3463 294 3526 Hi
308 3460 423 3527 bellum
438 3459 563 3524 assidue
578 3458 692 3525 ducunt
705 3481 777 3524 curn
790 3473 881 3546 gente
896 3459 1028 3540 Latind3

247 3565 318 3632 Hos
332 3564 442 3631 castris
456 3561 573 3628 adhibe
589 3565 700 3643 socios,
714 3574 745 3626 et
758 3560 879 3626 loedera
890 3564 997 3650 junge.

247 3663 317 3752 lpse
332 3687 390 3752 ego
405 3679 435 3730 te
449 3667 525 3751 ripis
541 3677 571 3729 et
585 3677 671 3729 recto
685 3664 810 3728 flumine
825 3663 949 3744 ducam,

245 3767 421 3833 Adversum
436 3771 529 3834 remis
544 3789 670 3854 superes
686 3767 853 3831 subvectus
867 3780 900 3831 ut
915 3789 1049 3836 amnem.

246 3873 354 3958 Surge,
369 3893 437 3960 age,
451 3884 523 3938 nate
537 3871 615 3954 deb3
636 3873 807 3958 primisque
821 3870 1007 3938 cadentibus
1022 3875 1123 3955 astris,

243 3975 357 4040 Junoni
371 3975 419 4038 fer
432 3975 492 4039 rite
507 3995 627 4060 preces,
643 3978 784 4060 iramque
799 3977 960 4060 minasque
1233 3982 1273 4040 60

244 4075 443 4165 Supplicibus
458 4099 573 4163 supera
586 4083 685 4144 votis:
709 4078 901 4144 mihi.victor
917 4077 1065 4146 honorem
1125 4117 1133 4132 ·

240 4177 416 4244 Persolves.
459 4179 527 4265 Ego
541 4201 619 4260 sum,
633 4178 726 4267 pleno
741 4197 834 4267 quem
848 4180 972 4249 flumine
987 4183 1088 4250 cernis
