2914 5130
648 491 765 552 usus
784 491 820 552 V.

231 651 271 718 m
283 655 403 740 pau-ios
417 649 528 738 epulis,
543 663 574 715 et
589 671 667 738 quos
680 649 757 716 colit
770 649 885 736 hospes
900 651 1040 716 Acestes.

231 757 398 836 Proeterea,
412 755 439 820 si
453 775 536 820 nona
551 754 635 819 diem
649 751 832 818 mortalibus
847 752 962 820 almum

225 849 353 928 Aurora
373 858 532 938 extulerit,
549 858 711 944 radiisque
725 861 876 924 retexerit
888 858 1009 940 orbem,
1222 867 1263 924 65

227 965 334 1030 Prima
347 966 420 1028 eitra
434 962 570 1028 Teucris
584 983 699 1049 ponam
711 965 885 1052 certamina
899 961 1029 1027 classis:

226 1067 352 1152 Quique
366 1063 484 1152 pedum
497 1086 591 1130 cursu
605 1064 699 1146 valet,
714 1077 745 1129 et
760 1065 813 1149 qui
828 1064 949 1129 viribus
963 1065 1079 1149 audax,

225 1173 289 1234 Aut
298 1167 407 1258 jaculo
421 1166 541 1234 incedit
555 1167 666 1234 melior
680 1165 866 1252 levibusque
880 1171 1008 1256 sagittis,

224 1275 288 1338 Seu
302 1271 402 1336 crudo
417 1270 485 1336 fidit
498 1293 634 1358 pugnam
649 1272 844 1336 committere
858 1284 975 1352 caestu3

221 1375 339 1442 Ctmcti
356 1376 468 1458 adsint,
482 1379 664 1463 meritaque
680 1387 863 1462 exspectent
875 1379 1006 1461 premia
1019 1376 1143 1464 pulmon
1220 1385 1260 1446 70

222 1479 289 1544 Ore
303 1481 409 1545 favete
423 1501 541 1560 omnes,
555 1493 586 1544 et
601 1493 742 1565 tempora
755 1483 871 1566 cingite
885 1481 994 1544 ramis.

268 1584 319 1649 Sic
334 1585 428 1664 fatris,
441 1583 525 1648 velat
539 1583 680 1650 materni
694 1596 837 1668 tempora
850 1595 976 1670 myrto3

223 1687 299 1752 Hoc
314 1685 474 1773 Helymus
488 1687 574 1767 iacit,
590 1687 651 1752 hoc
665 1689 728 1750 aevi
742 1699 879 1750 maturus
894 1689 1034 1768 Acestes,

222 1789 299 1854 Hoc
312 1811 393 1876 puer
407 1791 579 1869 Ascanium
600 1792 741 1873 sequitur
755 1809 833 1874 quos
847 1800 964 1854 caetera
977 1787 1089 1874 pubes.

221 1887 464 1957 lileeconcilio
477 1889 581 1956 multis
594 1911 667 1956 cum
681 1887 819 1956 millibus
833 1891 899 1956 ibat
1218 1901 1258 1960 75

220 1992 274 2058 Ad
288 1993 447 2075 mmulum,
460 1992 574 2080 magni
587 1991 707 2058 medius
721 1996 890 2058 comitante
904 1993 1044 2058 catervi.

222 2097 290 2163 Hic
304 2077 368 2162 duo
381 2097 442 2162 ritd
456 2117 543 2162 mere
557 2095 659 2162 libans
673 2095 838 2160 carchesia
852 2093 982 2160 Baccho

220 2199 338 2266 Fundit
352 2197 448 2280 bumi,
462 2197 526 2263 duo
540 2196 622 2263 lacte
636 2219 728 2278 novo,
741 2196 805 2262 duo
818 2200 969 2284 sangiune
983 2217 1094 2278 sacro,

221 2301 461 2388 Purpureusque
471 2302 551 2389 jacit
565 2301 667 2381 flores,
682 2321 720 2366 ac
736 2299 810 2365 talia
825 2300 926 2364 fatur:

218 2405 326 2485 Salve,
340 2419 447 2470 sancte
461 2425 586 2490 pmcne,
601 2406 729 2470 iterum:
752 2403 881 2485 salvete,
895 2406 1016 2492 recepti
1215 2414 1256 2476 80

218 2507 443 2594 Nequidquam
456 2511 590 2588 cineres,
604 2509 779 2592 animaeque
793 2507 976 2594 umbraeque
990 2519 1142 2596 paternae.

218 2610 293 2676 Non
307 2609 394 2674 licuit
409 2609 485 2674 lines
500 2606 603 2690 Italos,
617 2607 789 2694 fataliaque
804 2631 891 2692 arva,

217 2715 287 2780 Nec
302 2727 405 2778 tecum
419 2713 599 2793 Ausonium,
611 2716 799 2798 quicumque
814 2726 870 2792 est,
881 2735 1024 2800 quaerere
1038 2715 1189 2802 Tybrim.

216 2816 355 2883 Dixerat
370 2816 449 2896 baec,
463 2813 569 2902 adytis
585 2833 680 2900 quum
694 2812 833 2878 lubricus
847 2819 956 2904 anguis
971 2817 1014 2882 ab
1029 2820 1099 2884 imis

213 2921 345 3006 Septem
359 2920 468 3006 ingens
482 2939 588 3006 gyros,
603 2929 733 3004 septena
747 2917 915 3000 volumina,
936 2923 1042 3002 uexit,
1212 2931 1252 2988 85

215 3019 389 3106 Amplexus
402 3019 529 3106 placide
544 3017 704 3100 tumulum,
719 3019 887 3106 lapsusque
900 3043 959 3108 per
973 3044 1062 3104 aras,

214 3121 369 3187 Caeruleae
384 3125 436 3186 cui
452 3137 540 3210 terga
554 3135 645 3202 note,
660 3121 836 3188 maculosus
850 3136 882 3188 et
896 3145 974 3190 auro

213 3227 384 3312 Squamam
399 3224 588 3290 incendebat
602 3223 723 3312 lulgor3
744 3247 803 3290 ceu
818 3227 954 3292 nubibus
968 3249 1061 3294 arcus

213 3326 304 3392 Mille
314 3329 396 3415 Jacit
409 3329 514 3392 varios
530 3325 666 3392 adverso
681 3325 747 3392 sole
761 3323 894 3395 colores.

209 3429 383 3516 Obstupuit
396 3432 467 3494 visu
483 3429 609 3496 AEneas.
654 3429 720 3512 Ille,
736 3435 859 3518 agmine
873 3431 965 3520 longo
1210 3439 1251 3498 90

210 3529 357 3596 Tandem
372 3531 453 3596 inter
466 3543 593 3618 pateras
607 3529 735 3624 etlevia
749 3533 863 3620 pocula
876 3535 1016 3622 serpeus,

209 3633 404 3719 Libavitque
419 3633 527 3720 dapes,
541 3655 710 3721 rursusque
725 3635 869 3702 innoxius
884 3641 946 3702 imo

208 3739 369 3802 Successit
383 3736 510 3820 tumulo,
524 3751 556 3803 et
570 3737 701 3826 depasta
716 3738 828 3806 altaria
847 3739 949 3826 liquit.

207 3841 285 3905 Hoc
300 3842 399 3927 mags
414 3843 555 3926 inceptos
569 3845 703 3929 genitori
717 3845 870 3908 instaurat
884 3841 1028 3926 honores,

204 3945 351 4010 Incertus
364 3946 531 4030 geniumne
545 3943 619 4024 loci,
634 3945 822 4010 famulumne
836 3949 986 4032 parentis,
1206 3961 1246 4018 95

206 4046 288 4110 Esse
301 4059 408 4133 putet:
431 4045 525 4112 caedit
539 4047 630 4114 binas
645 4048 685 4113 de
700 4069 788 4114 more
807 4045 962 4132 bidentes,

204 4147 332 4232 Totque
347 4169 429 4228 mes,
444 4148 574 4216 totidem
588 4150 746 4238 nigrantes
761 4163 849 4240 terga
859 4153 1031 4238 juvencosr

511 4259 550 4317 25
