2956 5132
173 487 228 544 132
616 471 805 532 AENEIDOS

213 633 303 699 Foeta
316 631 428 696 annis:
451 626 539 714 pueri
553 623 671 691 circdm
687 626 882 712 innuptaeque
896 623 1010 712 puellm

214 736 311 802 Sacra
325 745 449 812 canunt,
463 733 629 815 funemque
644 751 737 793 manu
751 730 928 816 contingere
942 729 1091 818 gaudent.

215 835 272 902 Illa
286 836 377 916 subit,
391 833 564 918 mediaque
575 809 843 896 minansMabitur
856 833 938 897 urbi.

213 940 243 1004 Ο
258 939 376 1024 patria!
398 959 418 1000 o
433 935 538 1000 divtlm
552 933 661 1000 domus
678 931 785 998 Ilium!
808 947 839 998 et
854 934 971 1022 inclyta
985 935 1070 1000 bello

214 1041 331 1108 Moenia
345 1039 581 1103 Dardaniddm!
604 1051 714 1124 quater
729 1039 837 1124 ipsoin
853 1039 958 1103 limine
974 1053 1073 1125 portae

214 1145 361 1224 Substitit,
376 1155 468 1228 atque
483 1154 570 1206 utero
585 1143 716 1206 sonitum
732 1154 842 1226 quater
857 1163 946 1207 arma
960 1141 1090 1208 deddre.

215 1249 364 1329 lnstamus
378 1262 481 1312 tamen
497 1249 701 1326 immemores
716 1247 854 1332 caecique
870 1248 985 1329 lurore,

215 1353 255 1418 Et
269 1366 437 1417 monstrum
452 1347 561 1414 infelix
576 1349 697 1413 sacrata
712 1350 844 1414 sistimus
859 1371 945 1415 arce.

215 1455 305 1520 Tunc
321 1457 414 1518 etiam
429 1453 498 1517 15115
512 1451 610 1537 aperit
626 1450 805 1515 Cassandra
819 1453 928 1516 futuris

214 1558 288 1638 Ora,
302 1557 353 1621 dei
363 1559 450 1644 jussu
465 1577 526 1618 non
542 1575 676 1638 unquam
691 1554 811 1618 credita
826 1555 968 1620 Teucris.

214 1659 280 1725 Nos
295 1658 427 1740 ddubra
441 1657 535 1721 11511111
550 1659 666 1736 11115511,
681 1657 793 1741 quibus
808 1657 931 1722 ultimus
946 1671 1026 1724 esset

216 1761 271 1826 llle
286 1760 364 1841 dies,
379 1759 457 1824 155111
472 1758 610 1823 velamus
626 1758 735 1824 fronde
749 1780 807 1845 per
817 1760 939 1825 urbem.

257 1865 398 1930 Vertitur
413 1866 533 1928 interca
547 1861 670 1943 coelum,
685 1877 717 1926 et
730 1865 791 1927 ruit
804 1887 923 1929 oceano
937 1887 1009 1945 nox,

215 1967 378 2034 Involvens
392 1966 503 2031 umbra
517 1966 629 2055 magni
645 1979 832 2052 terramque,
847 1969 1023 2054 polumque,

215 2070 509 2158 Myrmidonumque
524 2069 631 2135 dolos:
654 2071 713 2134 11151
727 2088 785 2157 per
799 2072 912 2136 moenia
927 2071 1042 2135 Teucri

215 2173 422 2254 Conticudre3
445 2196 538 2260 sopor
553 2175 648 2237 sessos
662 2173 877 2258 complectitur
891 2187 986 2238 artus.

258 2277 299 2341 Et
309 2279 375 2362 jam
391 2277 508 2360 Argiva
521 2272 661 2360 phalanx
676 2275 830 2338 instructis
844 2276 975 2340 navibus
990 2277 1060 2342 ibat

215 2382 243 2444 Α
255 2377 395 2457 Tenedo,
410 2377 510 2441 tacitae
521 2399 580 2462 per
594 2377 693 2440 amica
707 2375 828 2441 silentia
844 2377 923 2442 lunae

215 2481 334 2546 Littora
349 2491 420 2543 nota
435 2490 553 2562 petens,
568 2477 707 2542 flammas
723 2498 816 2563 quum
831 2481 917 2566 regia
931 2482 1043 2568 puppis

215 2561 387 2659 Extuleral,
402 2579 533 2664 latisque
548 2577 642 2644 dedm
657 2579 801 2644 defensus
816 2581 928 2668 iniquis

217 2686 353 2750 lnclusos
366 2696 455 2747 utero
470 2682 598 2748 Danaos
614 2694 645 2748 et
658 2683 749 2770 pinea
764 2685 868 2750 furtim

214 2787 315 2853 Laxat
328 2785 463 2850 claustra
479 2786 592 2851 Sinon:
615 2784 682 2850 illos
697 2787 870 2872 patefactus
885 2787 926 2854 ad
941 2803 1033 2856 auras

216 2889 333 2956 Reddit
348 2911 464 2974 equus,
486 2888 609 2974 laetique
624 2911 702 2954 cavo
717 2911 751 2954 se
765 2891 881 2956 robore
895 2893 1041 2979 promunt

215 2993 432 3060 Thessandrus
448 2992 671 3079 Sthenelusque
683 2992 789 3074 duces,
805 3008 838 3060 et·
849 2995 935 3062 dirus
951 2996 1092 3083 Ulysses,

215 3097 391 3164 Demissum
406 3097 485 3185 lapsi
494 3109 557 3185 'per
572 3099 685 3180 sunem,
700 3101 905 3187 Acamasque,
920 3102 1096 3190 Thoasque,

219 3200 403 3288 Pelidesque
419 3200 650 3288 Neoptolemus,
665 3202 843 3289 primusque
859 3205 1027 3288 Machaon,
1119 3255 1122 3264 ·

215 3302 256 3368 Et
271 3302 442 3384 Menelais,
456 3318 487 3368 51
502 3305 567 3390 ipse
583 3302 647 3369 doli
662 3305 833 3370 fabricator
847 3307 963 3393 Epeos.

218 3407 370 3473 Invadunt
382 3407 492 3472 urbem
507 3429 614 3473 somno
629 3408 762 3494 vinoque
777 3409 928 3496 sepultam
941 3435 949 3476 =

218 3509 388 3576 Caeduntur
401 3511 527 3597 vigiles3
548 3512 707 3597 portisque
722 3515 897 3599 patentibus
911 3539 1018 3582 omnes

219 3613 384 3698 Accipiunt
398 3614 506 3693 socios,
520 3625 613 3698 atque
627 3617 751 3701 agmina
765 3618 888 3681 conscia
898 3619 1041 3707 jungunt.

262 3715 399 3800 Tempus
414 3729 480 3780 erat
495 3735 557 3800 quo
570 3717 671 3800 prima
686 3717 772 3801 quies
786 3718 968 3785 mortalibus
983 3722 1073 3806 aegris

221 3816 340 3901 incipit,
355 3831 385 3882 51
400 3817 483 3882 dono
496 3817 602 3882 divirm
617 3819 790 3904 gratissima
806 3821 913 3906 serpit.

220 3917 255 3982 ln
269 3917 382 3980 somnis
397 3939 471 3984 ecce
486 3931 557 3984 ante
571 3919 677 3984 oculos
692 3919 901 3984 moestissunus
915 3921 1039 3991 Hector

218 4019 314 4086 Visus
328 4017 436 4083 adesse
451 4021 535 4101 mihi,
551 4022 714 4109 largosque
729 4019 887 4088 effundere
903 4024 1012 4107 fletus3

222 4121 375 4205 Raptatus
389 4120 478 4208 bigis,
493 4134 526 4187 ut
540 4125 705 4208 quondam,
720 4140 848 4212 aterque
862 4143 992 4195 cruento
