2936 5122
181 509 240 566 sss
405 573 409 581 ⁸
619 494 809 559 3333333

224 665 426 744 Arrectaeque
441 643 570 722 hori-ore
581 677 689 738 comm,
705 672 736 722 et
749 679 812 722 vox
826 657 969 724 saucibus
985 657 1085 726 1113311.

226 769 278 846 Α1,
292 763 400 852 333331
414 775 447 825 31
461 761 548 824 Dirae
564 759 728 826 stridorem
744 765 870 847 agnovit
885 775 916 824 et
931 760 1008 843 alas,

224 869 339 936 'infelix
355 869 457 930 crines
472 861 585 928 scindit
599 865 732 928 Juturna
752 865 876 945 3313133,

228 974 390 1061 Unguibus
405 993 460 1036 ora
475 991 562 1034 33333
576 969 698 1036 soedaos
713 983 743 1034 et
758 983 886 1056 pectora
902 971 1024 1054 pugnis.

225 1077 309 1158 Quid
325 1097 404 1140 nunc
421 1089 450 1136 te
467 1085 528 1152 tua,
543 1073 661 1151 Turne,
675 1087 775 1158 potest
790 1095 940 1160 germana
947 1075 1082 1160 juvare?

224 1183 290 1244 Aut
304 1178 378 1264 quid
389 1179 455 1263 jam
470 1175 554 1239 dura
569 1187 694 1261 superat
709 1177 808 1240 mihil
830 1176 891 1262 qui
906 1177 962 1240 tibi
977 1176 1078 1242 lucem

225 1285 302 1346 Arte
318 1283 442 1344 morerl
463 1279 549 1343 talin’
563 1299 688 1366 possum
704 1300 753 1341 mc
768 1301 927 1364 opponere
943 1285 1100 1344 monstro?

226 1387 299 1449 Jam
309 1386 375 1471 jam
390 1384 495 1468 linquo
510 1383 604 1448 acies·
649 1381 697 1444 Ne
713 1403 762 1445 me
778 1395 892 1446 terrete
908 1383 1075 1464 timentem,
1196 1389 1260 1449 875

230 1489 396 1553 Obscoenae
413 1487 576 1566 volucres3
599 1485 717 1549 alarum
734 1486 868 1550 verbera
883 1507 988 1566 nosco,

228 1591 432 1674 Letalemque
448 1613 575 1669 sonum3
598 1611 654 1654 nec
670 1589 779 1654 1311331
789 1592 876 1676 jussa
892 1590 1028 1676 superba

228 1693 418 1781 Magnanimi
433 1693 530 1755 Jovis.
576 1693 657 1755 Haec
672 1715 730 1778 pro
746 1693 920 1779 virginitate
935 1697 1079 1778 33333111

228 1798 300 1881 Qud
315 1800 408 1864 vitam
422 1796 510 1861 dudit
524 1809 670 1860 aternam
682 1801 695 1860 1
716 1819 773 1861 cur
787 1797 894 1860 mortis
909 1795 1058 1884 adempta
1073 1813 1120 1864 cst

226 1902 399 1966 Conditiol
419 1923 541 1987 possem
558 1913 657 1966 tantos
673 1901 761 1966 linire
776 1901 900 1966 dolores

229 2005 429 2085 1133333311,
445 2019 475 2069 31
505 2009 618 2069 misero
633 2005 721 2068 fratri
736 2027 840 2068 comes
856 2006 902 2069 ire
917 2027 973 2091 per
988 2005 1126 2072 umbras.

231 2109 414 2174 Immortalis
430 2113 510 2196 egoi
533 2120 585 2172 aut
600 2107 768 2191 quidquam
784 2107 858 2172 mihi
873 2107 964 2172 dulce
980 2131 1118 2174 meorum

231 2213 280 2276 Te
294 2217 369 2294 sine,
384 2215 488 2292 frater,
504 2215 585 2277 33111
628 2211 657 2275 Ο
673 2233 742 2296 quae
757 2214 831 2274 satis
847 2211 910 2276 alta
925 2211 1069 2278 dehiscat

230 2320 332 2386 Terra
347 2321 433 2402 mihi,
448 2341 616 2403 manesque
631 2319 724 2382 deam
738 2318 880 2384 demittat
896 2321 936 2385 ad
952 2318 1028 2384 imos
1040 2323 1058 2383 !¹

230 2421 366 2488 Tanttim
382 2423 484 2502 effata,
498 2437 592 2508 caput
605 2421 717 2508 glauco
731 2427 871 2487 contexit
885 2427 1001 2488 amictu

231 2525 332 2590 Multa
345 2547 479 2611 gemens
495 2541 525 2587 et
540 2547 573 2588 se
588 2523 682 2587 fluvio
694 2523 755 2588 dea
770 2523 909 2590 condidit
925 2525 998 2590 alto.

275 2627 389 2692 AEneas
404 2629 495 2692 instat
510 2626 627 2705 333131,
643 2627 799 2712 telumque
814 2643 958 2694 coruscat

232 2732 353 2816 Ingens,
367 2731 543 2806 arboreum,
559 2741 589 2791 et
602 2749 688 2792 saevo
703 2732 747 2792 sic
763 2743 890 2814 pectore
905 2731 1005 2795 satur:

206 2915 210 2924 .
232 2834 310 2914 Quae
322 2853 402 2895 nunc
414 2829 528 2894 deindo
540 2853 628 2894 mora
638 2835 708 2894 3311
730 2845 781 2895 331
793 2833 868 2918 quid
876 2835 953 2919 jam,
964 2833 1081 2913 Turne,
1092 2839 1268 2900 3313331331

232 2935 303 3001 Non
318 2955 419 3012 cursu,
435 2937 525 2996 saevis
540 2935 723 2998 certandum
741 2949 786 2999 331
801 2937 971 3000 comminus
986 2941 1092 3002 armis⁸
1202 2945 1266 3002 890

233 3039 333 3104 Verte
348 3059 453 3102 omnes
469 3051 531 3101 tete
546 3041 578 3102 iu
593 3039 699 3118 facies,
715 3051 745 3102 et
758 3039 909 3104 contrahe
925 3040 1079 3126 quidquid

232 3127 308 3206 ¹Sive
323 3141 440 3220 animis,
455 3141 519 3204 sive
535 3153 612 3220 arte,
626 3139 734 3220 vales3
756 3155 830 3228 3313
845 3141 942 3205 ardua
959 3145 1068 3228 pennis

234 3251 328 3310 Astra
343 3244 441 3328 sequi,
456 3244 656 3329 clausumque
670 3243 750 3308 cavi
764 3257 794 3309 te
808 3243 945 3309 condere
962 3245 1056 3309 133313.

235 3349 301 3430 1113,
315 3363 409 3434 33331
424 3369 593 3433 quassans:
616 3347 687 3412 Non
702 3371 751 3412 me
766 3361 817 3411 133
833 3347 954 3412 fervida
971 3361 1087 3412 terrent

233 3455 339 3534 Dicta,
354 3455 461 3531 ferox3
483 3451 518 3514 di
533 3440 581 3515 me
598 3466 714 3516 1333331
730 3466 760 3516 31
774 3453 898 3538 Jupiter
914 3452 1021 3516 hostis.
1204 3461 1267 3516 895

235 3558 303 3622 Nec
319 3555 408 3642 plura
423 3553 540 3634 3113133,
555 3575 664 3618 saxum
680 3559 891 3641 circumspicit
906 3555 1022 3642 ingens,

236 3663 353 3724 Sanum
368 3659 537 3742 antiquum,
552 3657 667 3742 ingens,
683 3679 794 3742 campo
809 3657 892 3742 quod
907 3658 987 3722 13313
999 3657 1139 3746 jacebat,

223 3753 341 3827 'Limes
356 3783 432 3847 agro
447 3762 572 3846 3331133,
587 3761 670 3824 litem
686 3773 719 3823 31
733 3759 925 3825 discerneret
941 3761 1036 3824 arvis.

233 3866 300 3933 Vix
315 3865 391 3930 illud
406 3865 478 3928 lecti
494 3865 541 3927 bis
556 3887 612 3927 sex
626 3863 750 3956 cerje
765 3863 914 3944 subirent,

236 3970 349 4052 Qualia
365 3989 443 4032 nunc
460 3967 616 4031 hominum
631 3967 774 4053 producit
788 3989 921 4054 corpora
932 3968 1034 4033 tellus.
1207 3973 1272 4032 900

237 4071 294 4136 llle
310 4094 401 4135 manu
416 4085 537 4156 raptum
554 4071 676 4157 trepidi
692 4071 857 4155 torquebat
872 4073 902 4136 in
918 4071 1048 4151 bostem,

239 4179 339 4242 Altior
352 4180 521 4262 insurgens,
530 4190 567 4241 31
580 4200 673 4243 33333
688 4181 838 4260 33331133,
854 4178 958 4243 heros.
