2978 5124
711 561 826 622 LIBER
847 563 896 622 xt.
971 557 974 564 ’

299 721 385 790 Ecce
400 721 472 796 ruit,
486 723 667 806 magnisque
682 721 792 784 urbem
808 717 981 784 terroribus
995 717 1124 805 implet3

299 827 468 892 lnstructos
484 826 553 888 acie
568 823 719 888 liberino
734 846 753 887 a
770 825 893 888 flumine
909 823 1051 887 Teucros

297 929 563 1015 Tyrrhenamque
578 948 701 991 manum
718 931 788 991 totis
803 925 998 991 descendere
1012 926 1144 1014 campis.

299 1030 468 1116 Extemplo
481 1030 600 1094 turbati
615 1029 718 1109 animi,
732 1051 948 1114 concussaque
963 1029 1047 1116 vulgi

300 1131 442 1213 Pectora,
457 1145 487 1196 et
501 1137 633 1196 arrectae
648 1131 779 1196 stimulis
796 1131 879 1196 haud
895 1133 1038 1198 mollibus
1054 1133 1120 1196 irae.

299 1239 396 1302 Arma
411 1257 503 1300 manu
519 1235 632 1322 trepidi
647 1249 796 1320 poscunt3
820 1236 923 1300 fremit
939 1257 1024 1300 arma
1034 1237 1202 1324 juventus3

299 1337 390 1402 Flent
403 1338 504 1402 moesti
519 1350 718 1420 mussantque
734 1352 858 1422 patres:
883 1335 935 1400 hic
951 1337 1088 1422 undique
1102 1337 1222 1402 clamor

298 1438 451 1504 Dissensu
466 1439 555 1503 vario
569 1460 699 1525 magnus
714 1459 748 1502 se
763 1439 842 1502 tollit
857 1441 889 1504 in
905 1460 1018 1502 auras:

299 1541 397 1606 Haud
413 1563 503 1606 secus
519 1555 612 1625 atque
628 1541 691 1605 alto
706 1543 738 1605 in
754 1541 824 1606 luco
839 1563 933 1626 quum
950 1541 1030 1606 lorti
1046 1555 1181 1610 catervae

298 1641 482 1706 Consedere
498 1645 611 1722 avium,
625 1646 790 1727 piscosove
806 1663 896 1708 amne
913 1642 1043 1708 Padusae

299 1741 385 1809 Dant
400 1748 532 1809 sonitum
547 1748 635 1810 rauci
651 1767 708 1828 per
723 1757 831 1829 stagna
846 1743 993 1828 loquacia
1007 1750 1114 1832 cycni.

300 1847 406 1929 Immo,
422 1852 475 1926 ait,
489 1872 510 1912 o
523 1849 619 1927 cives,
633 1859 760 1932 arrepto
776 1859 925 1931 tempore,
941 1849 1075 1928 Turnus,

298 1949 411 2036 Cogite
426 1951 603 2029 concilium,
618 1964 649 2014 et
664 1971 774 2036 pacem
790 1948 916 2014 laudate
931 1951 1093 2017 sedentes:
1275 1959 1338 2017 460

300 2053 349 2116 llli
364 2057 459 2118 armis
475 2058 505 2117 in
521 2075 614 2140 regna
631 2067 731 2118 ruant.
776 2053 843 2116 Nec
859 2053 950 2139 plura
966 2055 1085 2120 locutus

299 2153 461 2240 Corripuit
475 2177 555 2235 sese,
569 2169 599 2220 et
615 2158 705 2244 tectis
719 2159 800 2218 citus
813 2154 926 2220 extulit
940 2155 1022 2220 altis.

299 2258 360 2338 Tu,
377 2259 505 2337 Voluse‚
520 2263 634 2323 armari
652 2257 839 2322 Volscorum
854 2256 944 2322 edice
960 2259 1103 2344 maniplis
1117 2287 1126 2342 3

299 2359 382 2442 Duc,
397 2365 450 2443 ait,
466 2375 496 2427 et
511 2361 662 2426 Rutulos:
686 2364 821 2446 equitem
836 2360 1001 2446 Messapus
1016 2364 1047 2426 in
1063 2367 1168 2444 armis,

298 2464 341 2530 Et
355 2487 426 2530 cum
440 2468 537 2530 fratre
553 2466 663 2544 Coras,
678 2465 748 2529 latis
764 2462 924 2529 diffundite
938 2465 1067 2550 campis.

301 2567 379 2633 Pars
394 2568 496 2633 aditus
511 2569 597 2634 urbis
614 2568 744 2646 firment,
760 2581 922 2651 turresque
933 2581 1114 2652 capessunt:

301 2669 436 2751 Cretera,
452 2671 513 2758 qui
524 2673 621 2758 jusso,
637 2691 759 2735 mecum
775 2691 882 2734 manus
898 2669 1009 2736 inseret
1023 2693 1122 2736 arma

344 2775 433 2840 llicet
447 2776 479 2840 in
493 2797 596 2840 muros
611 2773 674 2838 totei
690 2772 875 2838 discurritur
888 2773 979 2838 urbe.

301 2877 476 2944 Concilium
492 2877 557 2961 ipse
572 2889 661 2962 pater
676 2887 706 2939 et
722 2895 833 2962 magna
848 2875 972 2961 incepta
986 2874 1116 2940 Latinus

188 3001 193 3010 ·
300 2979 436 3062 Deserit,
452 3002 490 3044 ac
498 2981 583 3046 lristi
599 2979 741 3045 turbatus
756 2993 895 3064 tempore
910 2977 1024 3044 differt.

302 3083 463 3168 Multaque
476 3102 511 3146 se
526 3086 657 3162 incusaq
672 3081 725 3166 qui
740 3103 801 3146 non
817 3083 976 3166 acceperit
990 3079 1072 3144 ultro

300 3183 498 3250 Dardanium
514 3183 644 3262 AEnean,
657 3204 868 3270 generumque
883 3182 1051 3248 adsciverit
1066 3181 1147 3248 urbi.

300 3287 491 3352 Praefodiunt
506 3286 560 3350 alii
575 3299 690 3371 portas,
705 3298 758 3350 aut
772 3306 849 3350 saxa
865 3286 1019 3370 sudesque

301 3390 513 3456 Subvectant:
538 3389 620 3454 bello
635 3388 689 3454 dat
703 3389 823 3476 signum
838 3411 934 3456 rauca
949 3401 1110 3454 cruentum

300 3493 451 3558 Buccina.
495 3493 576 3558 Tum
591 3515 695 3558 muros
710 3493 798 3558 varii
812 3493 942 3560 cinxere
957 3493 1073 3558 corona

301 3595 454 3660 Matronae
468 3597 641 3682 puerique:
664 3609 756 3660 vocat
771 3596 862 3662 labor
876 3596 1001 3660 ultimus
1016 3615 1132 3661 omnes.

300 3697 367 3762 Nec
382 3721 444 3764 non
460 3698 500 3764 ad
516 3699 664 3785 templum
679 3721 876 3786 summasque
892 3698 932 3762 ad
950 3698 1088 3764 Palladis
1103 3717 1194 3764 arces

301 3801 491 3867 Subvehitur
505 3801 616 3888 magni
631 3816 764 3868 matrum
779 3803 887 3890 regina
901 3802 1039 3882 catervis,

300 3903 393 3969 Dona
408 3905 532 3986 lerens3
550 3905 701 3992 juxtaque
716 3927 822 3970 comes
837 3905 971 3969 Lavinia
985 3904 1082 3990 virgo,

300 4007 406 4072 Causa
421 4009 512 4073 malis
527 4011 630 4090 tantis,
645 4007 752 4072 «mulos
766 4006 890 4093 dejecta
904 4005 1049 4072 decoros.

302 4109 479 4176 Succedunt
494 4125 620 4192 matres,
635 4124 666 4177 et
681 4110 829 4196 templum
845 4111 934 4176 thure
949 4123 1111 4198 vaporant,

300 4212 343 4277 'Et
356 4228 482 4281 moestas
497 4215 561 4282 alto
576 4209 706 4282 tundunt
720 4215 761 4282 de
776 4215 881 4284 limine
895 4235 989 4282 voces
1004 4237 1012 4278 z

559 4327 599 4382 45
