2956 5132
257 695 398 762 Numina
413 713 522 782 magua
532 693 638 759 desim.
906 767 912 775 ,

304 801 385 863 'Pum
399 797 474 862 verb
488 817 580 862 omne
595 796 671 862 mihi
686 801 786 864 visum
800 798 965 864 considere
980 803 1012 865 in
1027 804 1112 888 ignes

260 903 360 983 ilium,
375 915 405 966 et
418 923 459 966 en
474 905 538 965 imo
552 903 632 966 verti
648 901 803 988 Neptunia
818 903 928 991 Troja.

262 1008 310 1069 Ac
321 1003 414 1068 veluti
429 1004 556 1068 summis
570 1006 730 1088 antiquam
744 1007 777 1069 in
792 1007 945 1071 montibus
959 1029 1069 1072 ornum

260 1105 361 1189 Quum
376 1106 462 1170 lerro
476 1109 614 1170 accisam
628 1106 813 1191 crebrisque
827 1107 1013 1192 bipennibus
1027 1113 1143 1174 instant

260 1211 380 1274 Emere
394 1207 541 1295 agricola
555 1210 719 1288 certatim3
742 1207 796 1272 illa
810 1231 908 1294 usque
922 1215 1064 1292 minatur,

259 1312 299 1376 Et
313 1311 498 1376 tremefacta
511 1331 632 1376 comam
646 1331 799 1376 conctusa
813 1313 932 1376 vertice
946 1327 1051 1394 nutat;

255 1413 455 1480 Vulneribus
469 1413 570 1478 donec
584 1411 737 1499 paulatim
752 1416 864 1494 euicta,
877 1413 1056 1500 supremum
1227 1415 1289 1480 630

259 1515 456 1605 Congemuit,
471 1519 629 1602 traxitque
639 1518 723 1603 jugis
739 1518 847 1582 avulsa
861 1522 994 1582 utrinam.

252 1617 437 1698 'Descendq
451 1639 501 1699 ac,
515 1618 649 1683 ducente
663 1617 734 1698 deo,
749 1618 904 1684 flammam
918 1623 1001 1684 inter
1015 1631 1045 1684 et
1059 1618 1163 1684 hostes

263 1719 439 1805 Expedior:
462 1721 540 1786 dant
554 1721 618 1786 tela
631 1719 744 1802 locum
758 1721 952 1807 flammaque
966 1721 1127 1787 recedunt.

298 1827 399 1910 Atque
413 1826 468 1889 ubi
479 1827 548 1912 jam
562 1827 672 1910 patrias
687 1839 869 1910 perventum
884 1825 925 1890 ad
940 1824 1047 1890 limina
1062 1823 1156 1904 sedis,

259 1927 476 2012 Antiquusque
491 1926 610 2006 domos,
625 1930 755 2014 genitur,
770 1948 863 2013 quem
878 1927 986 1994 tallere
1001 1931 1033 1994 in
1049 1928 1128 1993 uitus
1226 1931 1289 1988 635

259 2027 419 2114 Optabam
433 2033 568 2115 primum
583 2044 711 2110 montes,
725 2034 920 2116 primumque
934 2033 1090 2118 petebam,

259 2132 405 2218 Abnegat
421 2132 529 2198 excisi
543 2135 640 2196 vitam
654 2133 830 2218 producere
846 2135 953 2220 Trojsi,

257 2240 478 2326 Exsiliumque
492 2243 570 2326 pati.
614 2240 683 2305 Vos
698 2265 726 2319 o,
743 2241 856 2325 quibus
871 2243 991 2326 integer
1005 2243 1064 2304 aeti

259 2343 407 2427 Sanguis,
422 2345 475 2420 ait,
488 2340 657 2427 solidaeque
671 2363 727 2406 suo
742 2355 824 2406 stant
837 2344 952 2406 robore
965 2345 1058 2408 vires.

255 2443 343 2521 Vos,
358 2445 472 2528 agitate
482 2443 595 2530 surgam.
1227 2449 1290 2506 640

160 2575 164 2584 ·
258 2547 319 2612 Me
333 2549 360 2610 si
375 2543 523 2611 coellcolae
538 2547 708 2612 voluissent
721 2545 838 2612 ducere
853 2552 958 2628 vitam,

258 2651 333 2715 Has
347 2649 423 2714 mihi
438 2651 614 2715 servissent
627 2649 736 2716 sedes:
758 2654 833 2715 setis
847 2673 908 2716 una
923 2673 1077 2736 superque

258 2751 408 2816 Vidimus
422 2751 559 2831 excidia,
573 2765 605 2816 et
619 2766 720 2838 captae
735 2757 949 2837 superavimus
963 2755 1045 2817 urbi.

259 2857 314 2921 Sic
329 2879 358 2937 o,
371 2860 418 2920 sic
433 2860 568 2942 positum
580 2855 666 2920 affati
681 2855 835 2920 discedite
849 2878 973 2942 corpus.

257 2961 333 3044 ipse
347 2981 439 3024 manu
453 2972 585 3024 mortem
600 2961 776 3038 inveniam3
798 2961 998 3023 miserebitur
1012 2959 1118 3038 hostis,
1227 2963 1289 3020 ata

259 3063 462 3147 Exuviasque
477 3073 579 3148 petet:
602 3061 704 3127 facilis
715 3065 839 3148 jactura
854 3061 1000 3147 sepulcri.

256 3163 331 3228 Jam
346 3165 468 3250 pridem
483 3167 601 3228 invisus
615 3163 708 3243 divis,
723 3177 753 3229 et
768 3163 892 3243 inutilis,
903 3185 1000 3229 annos

257 3267 425 3346 Demeror,
439 3287 479 3331 ex
495 3287 557 3351 quo
572 3288 621 3330 me
636 3267 742 3331 diutim
757 3279 848 3352 pater
861 3281 953 3351 atque
969 3267 1125 3332 hominum
1139 3287 1197 3329 rex

257 3369 410 3434 Fulminis
424 3367 539 3434 afflavit
554 3370 653 3436 ventis
668 3382 699 3433 et
713 3371 838 3454 contigit
853 3373 927 3456 igni.
1026 3375 1029 3384 “

253 3471 352 3538 Talia
366 3473 526 3558 perstabat
540 3493 724 3552 memorans,
738 3473 878 3558 fixusque
893 3471 1048 3536 manebat.
1228 3473 1289 3530 650

255 3574 326 3638 Nos
340 3575 447 3638 contra
462 3573 550 3638 effusi
566 3574 726 3661 lacrymis,
740 3577 917 3662 conjuxque
931 3575 1060 3652 Creiisa,

256 3679 487 3762 Ascaniusque,
501 3681 663 3762 omnisque
677 3676 797 3756 domus,
812 3699 851 3741 ne
865 3689 988 3740 vertere
999 3695 1105 3737 secum

258 3777 383 3842 Cuncta
397 3795 497 3866 pater,
512 3781 637 3864 latoque
652 3784 773 3866 urgenti
787 3779 978 3856 incumbere,
993 3777 1097 3840 vellet.

253 3883 411 3970 Abnegat,
425 3887 612 3969 inceptoque
628 3883 798 3949 et'sedibus
814 3881 912 3946 lueret
927 3885 958 3944 in
974 3880 1084 3945 isdem.

255 3985 381 4052 Rursus
396 3989 427 4050 in
443 4007 532 4052 arma
546 3989 639 4066 feror,
654 4001 846 4068 mortemque
861 3983 1048 4048 miserrimus
1062 3999 1147 4070 opto.
1226 3991 1287 4050 6⁵5

255 4089 341 4154 Nam
355 4089 442 4173 quod
457 4089 630 4170 consilium,
644 4103 696 4153 aut
711 4109 781 4173 quae
793 4087 859 4172 jam
873 4085 997 4152 fortuna
1013 4087 1169 4153 dabatur

252 4189 352 4255 Mene
367 4188 481 4256 efferre
494 4190 617 4275 pedem
631 4193 761 4276 genitor,
776 4201 806 4252 te
820 4207 911 4272 posse
925 4187 1034 4277 relicto
