2956 5132
660 609 849 670 AENEIDOS

265 757 302 825 ld
316 773 464 842 metuens,
478 764 655 847 veterisque
669 783 789 827 memor
803 763 948 828 Saturnia
962 761 1041 829 belli

266 862 372 926 Prima
386 861 470 948 quod
484 861 525 927 ad
540 863 668 950 Trojam
683 885 741 950 pro
755 867 838 929 caris
852 879 991 952 gesserat
1005 869 1109 954 Argis,

265 961 407 1030 Necdum
422 968 516 1030 etiam
530 986 633 1030 causae
649 969 768 1030 irarum
782 970 919 1052 serique
935 965 1059 1033 dolores

265 1069 459 1135 Exciderant
473 1073 594 1134 animo:
616 1084 721 1135 manet
735 1069 798 1136 alti
812 1083 914 1136 mente
927 1071 1087 1158 repbstum

264 1171 422 1236 Judicium
438 1171 571 1252 Paridis,
585 1185 759 1258 spretaeque
774 1174 888 1259 injuria
902 1173 1021 1254 forme,

265 1274 307 1339 Et
319 1295 415 1361 genus
430 1277 571 1353 invisum,
586 1291 617 1338 et
631 1277 712 1360 rapti
726 1273 923 1360 Ganymedis
938 1275 1083 1340 honores.

265 1377 328 1442 His
343 1397 477 1442 aceensa
491 1397 594 1462 super,
604 1377 740 1463 jactatos
754 1395 881 1460 equore
896 1389 961 1440 toto

263 1479 375 1559 Troas,
390 1477 538 1564 reliquias
552 1477 697 1542 Danatim
712 1489 805 1562 atque
820 1480 946 1542 immitis
960 1475 1088 1560 Achilli,

263 1581 403 1646 Arcebat
417 1580 507 1668 longi
522 1579 631 1646 Latio:
654 1577 827 1668 multosque
841 1602 898 1666 per
914 1601 1011 1645 annos

264 1684 422 1750 Errabant
437 1684 498 1747 acti
514 1683 586 1746 satis
600 1683 701 1745 maria
714 1682 819 1746 omnia
833 1683 965 1747 circum.

262 1786 373 1850 Tantae
388 1782 478 1872 molis
492 1796 560 1848 erat
575 1781 751 1846 Romanam
765 1781 901 1848 condere
916 1787 1056 1871 gentem!

305 1887 372 1952 Vix
387 1908 405 1951 e
419 1899 587 1970 conspectu
603 1881 715 1948 Sicula
731 1883 850 1949 telluris
865 1889 896 1950 in
912 1885 1008 1952 altum

263 1987 347 2053 Vela
362 1986 480 2053 dabant
495 1984 567 2066 lati,
582 1998 613 2050 et
627 2005 752 2072 spumas
766 1983 841 2050 salis
855 2007 918 2052 oere
932 1989 1085 2068 mebant3

260 2091 365 2174 Quum
378 2091 471 2170 Juno‚
485 2103 633 2154 aeternum
647 2110 775 2153 servans
790 2089 850 2154 sub
863 2103 990 2174 pectore
1005 2091 1124 2172 vulnus,

263 2195 345 2260 Haec
360 2215 482 2258 secum:
507 2189 600 2256 Mene
616 2193 741 2276 incepto
755 2190 907 2256 desistere
921 2196 1059 2258 victaml

262 2295 330 2363 Nec
344 2319 435 2383 posse
452 2293 542 2359 ltalia
556 2295 750 2359 Teucrorum
765 2308 908 2360 avertere
922 2303 1050 2384 regeml

261 2398 386 2487 Quippe
401 2411 489 2463 vetor
504 2397 592 2462 satis!
617 2396 760 2464 Pallasne
775 2419 908 2490 exurere
924 2399 1059 2466 classem

262 2501 422 2588 Argivum,
437 2513 530 2584 atque
545 2504 629 2586 ipsos
643 2504 743 2586 potuit
756 2501 956 2588 submergere
970 2516 1076 2589 ponto,

262 2603 363 2671 Unius
377 2605 421 2670 ob
434 2625 548 2670 noxam
564 2617 594 2667 et
609 2605 705 2668 furias
720 2605 827 2693 Ajacis
838 2605 943 2670 oitett

261 2707 344 2793 lpse,
356 2708 445 2774 Jovis
459 2703 603 2792 rapidum
614 2705 754 2794 jaculata
769 2727 787 2770 e
802 2709 936 2773 nubibus
951 2713 1064 2797 ignem,

260 2809 458 2898 DiSJecitque
470 2822 564 2889 rates,
579 2811 752 2893 evertitque
767 2831 893 2894 aequora
908 2815 1027 2894 ventis;

261 2913 351 2980 lllum
366 2918 576 3000 exspirantem
590 2911 739 2978 transfixo
753 2927 881 2999 pectore
896 2913 1037 2980 flammas

260 3017 402 3083 Turbine
417 3019 578 3102 corripuit,
593 3013 784 3100 scopuloque
798 3015 900 3080 infixit
915 3030 1025 3081 acuto:

260 3122 318 3188 Ast
330 3141 400 3206 ego,
415 3137 483 3202 quae
497 3115 605 3182 divim
620 3115 732 3182 incedo
746 3119 864 3202 regina,
877 3117 1028 3203 Jovisque

260 3225 301 3291 Et
315 3245 404 3289 soror
418 3236 449 3287 et
462 3221 587 3308 conjux,
601 3219 662 3284 una
676 3241 746 3284 cum
760 3232 852 3307 gente
866 3233 910 3286 tot
924 3243 1021 3286 annos

261 3327 352 3393 Bella
365 3327 457 3412 ger‘o!
480 3323 521 3389 Et
536 3325 699 3408 quisquam
713 3343 826 3388 numen
841 3323 973 3388 Junonis
988 3322 1098 3390 adoret

261 3430 427 3508 Praeterea,
442 3439 495 3492 aut
509 3423 641 3511 supplex
656 3427 719 3490 aris
733 3427 872 3510 imponat
886 3423 1057 3490 honoreml

301 3530 396 3598 Talia
411 3531 568 3596 flammato
582 3545 687 3592 mcum
702 3524 763 3592 dea
777 3525 873 3592 corde
889 3525 1041 3606 volutans,

261 3635 446 3724 Nimborum
461 3634 651 3719 inparium,
665 3627 736 3695 loca
750 3631 828 3698 soeta-
839 3631 1013 3696 furentibus
1029 3633 1150 3709 austris,

261 3736 394 3803 Eoliam
408 3741 503 3802 venit.
526 3733 592 3800 Hic
607 3745 697 3798 vasto
710 3755 767 3796 rex
782 3727 889 3804 AEolus
904 3747 994 3822 antro

115 3861 124 3880 ·
206 3889 213 3898 .
254 3841 429 4008 {ructantes
443 3841 558 3902 ventos·
566 3823 826 3922 tempestatesque
841 3855 971 3899 sonoras

275 3945 394 4032 mperio
407 3943 530 4026 premit,
545 3961 582 4004 ac
597 3937 710 4004 vinclis
724 3949 756 4002 et
768 3957 898 4004 carcere
913 3938 1034 4002 fraenat.

260 4046 310 4110 llli
324 4041 519 4129 indignantes
534 4045 645 4129 magno
658 4063 731 4106 cum
745 4061 903 4105 murmure
915 4042 1027 4104 montis

260 4149 390 4214 Circum
403 4142 540 4210 claustra
555 4146 697 4210 fremunt.
722 4141 817 4208 Celsi
831 4141 919 4207 sedet
935 4140 1041 4207 AEolus
1056 4163 1140 4221 arce,

261 4255 392 4338 Sceptra
406 4263 531 4324 tenens3
553 4246 711 4333 mollitque
727 4249 858 4326 animos,
872 4257 903 4310 et
917 4258 1071 4331 temperat
1084 4247 1158 4309 iras.
