2936 5122
628 515 744 576 LIBER
764 517 828 576 Xll.

227 669 402 736 Puberihus
416 669 539 738 casulem
553 669 633 736 loliis
648 685 680 736 et
693 671 769 738 llore
780 685 955 738 comantem

228 771 407 858 Purpureo:
430 795 491 838 non
506 771 560 838 illa
575 774 650 838 teris
664 775 819 862 incognita
834 773 938 860 capris
991 835 996 844 .

223 875 387 956 Gramina,
402 895 496 962 quum
511 889 597 962 tergo
612 875 756 942 volucres
771 877 892 944 lesere
907 880 1038 964 sagitta.
1201 883 1262 942 415

226 977 301 1041 Hoc
317 978 436 1058 Venus,
450 979 584 1044 obscura
599 979 711 1045 facicm
726 980 920 1048 circumdata
935 982 1049 1064 nimbo,

226 1079 365 1144 Detulit:
388 1079 448 1148 hoc
463 1081 565 1152 lusum
581 1081 678 1146 labris
692 1081 926 1168 splendentibus
940 1103 1064 1152 amnem

228 1181 336 1262 Inficit,
351 1181 473 1248 occulte
487 1183 668 1264 medicaus3
689 1187 869 1270 spargitque
881 1184 1018 1252 salubris

114 1358 120 1368 ¹
225 1283 400 1348 Ambrosie
415 1305 534 1365 succos,
549 1299 580 1351 et
594 1285 782 1354 odoriferam
798 1309 980 1374 panaceam.

225 1383 319 1450 Fovit
333 1384 372 1449 eit
385 1385 496 1454 vulnus
510 1386 643 1474 lymphit
656 1388 813 1476 longaevus
828 1391 922 1476 lapis,

227 1486 397 1572 ignorans;
419 1488 584 1582 suhitdque
597 1491 697 1556 omnis
712 1489 752 1556 de
767 1513 899 1577 corpore
914 1493 992 1579 largit

226 1589 350 1678 Quippe
364 1590 473 1672 dolor-3
495 1596 595 1658 omnis
610 1594 693 1658 stetit
707 1596 770 1659 imo
784 1593 913 1660 vulnere
929 1595 1052 1682 sanguis
1067 1615 1076 1656 :

225 1697 359 1781 Jamque
373 1708 480 1762 secuta
494 1719 630 1778 manum,
644 1696 729 1764 ntrllo
743 1711 882 1784 cogente,
897 1697 1008 1784 sagitta

111 1881 118 1898 Ι
225 1797 361 1880 Excidit,
376 1812 469 1883 atque
485 1821 572 1866 novae
588 1797 712 1868 rediere
727 1803 759 1866 in
774 1801 903 1885 pristina
916 1802 1010 1866 vires.

224 1905 322 1970 ’4444444
336 1903 389 1968 citi
403 1918 570 1990 properate
584 1908 672 1970 viro:
694 1903 770 1990 quid
785 1905 893 1970 statis?
915 1905 997 1991 lapis
1195 1911 1256 1972 42⁵

224 2003 429 2086 Conclamat3
450 2009 630 2092 primusque
646 2009 765 2072 animos
781 2005 924 2077 accendit
938 2006 969 2070 in
984 2005 1116 2074 hostem.

224 2106 294 2171 Non
310 2107 378 2172 haec
394 2107 537 2175 humanis
550 2109 672 2194 opibus,
686 2131 748 2174 non
761 2121 829 2174 arte
842 2106 1001 2194 magistra,

221 2209 428 2294 Provenient,
437 2235 540 2300 neque
555 2226 595 2294 te,
610 2211 719 2292 AEnea,
733 2235 804 2278 mea
819 2211 951 2280 dextera
965 2225 1090 2278 servat:

223 2311 328 2402 Major
343 2316 405 2403 agit
419 2315 506 2398 deus,
521 2329 615 2402 atque
629 2336 727 2402 opera
742 2313 782 2380 ad
798 2316 918 2402 majora
928 2317 1068 2380 remittit.

264 2415 332 2498 llle,
345 2415 456 2482 avidus
469 2439 591 2504 pugnae,
605 2438 694 2482 suras
708 2415 875 2482 incluserat
890 2437 967 2482 auno
1194 2425 1255 2489 480

222 2519 311 2584 Hinc
326 2533 419 2605 atque
434 2519 529 2600 hinc,
548 2519 675 2604 oditque
688 2539 803 2600 moras,
818 2519 1000 2606 hastamque
1015 2533 1170 2588 conuscat.

222 2621 389 2706 Postquam
404 2621 518 2690 habilis
532 2621 624 2686 lateri
638 2621 770 2709 clypeus
785 2621 946 2706 loricaque
961 2636 1048 2711 tergo
1063 2635 1119 2705 est,

222 2727 390 2792 Ascanium
405 2725 481 2790 fusis
495 2721 614 2790 circhm
628 2723 843 2809 complectitur
858 2727 964 2806 armis,

219 2829 409 2914 Summaque
423 2849 480 2913 per
493 2826 615 2914 galeam
628 2824 769 2890 delibans
783 2825 890 2890 oscula
901 2826 998 2890 latur:

219 2929 328 3014 Disce,
341 2953 429 3018 puer,
444 2933 589 2996 virtutem
603 2929 651 2994 ex'
659 2949 718 3008 me,
732 2949 902 3012 verumque
916 2927 1076 3010 laborem3
1190 2937 1252 2997 435

221 3033 391 3100 Fortunam
403 3055 443 3098 ex
459 3031 540 3098 aliis.
583 3031 673 3096 Nunc
690 3043 720 3094 te
735 3051 805 3096 mea
820 3029 951 3096 dextera
966 3030 1050 3095 hello

220 3136 391 3204 Defensurn
404 3135 502 3216 dabit,
516 3147 547 3200 et
562 3155 673 3221 magna
688 3133 767 3198 inter
780 3135 909 3219 praemia
919 3133 1027 3200 ducet.

220 3239 269 3306 Tu
284 3241 389 3320 facito,
403 3261 477 3308 mox
491 3259 585 3324 quum
600 3249 722 3302 matura
737 3235 910 3304 adoleverit
924 3251 1010 3319 atas,

220 3347 270 3414 Sis
283 3367 421 3426 memet-3
443 3355 473 3410 et
488 3357 519 3410 te
533 3345 636 3410 auimo
651 3353 842 3428 repetentem
853 3340 1002 3427 ¹exempla
1014 3353 1144 3420 tuorum,

218 3449 260 3516 Et
273 3462 363 3536 pater
377 3445 506 3527 AEneae,
520 3459 551 3511 et
564 3443 736 3511 avunculus
750 3444 866 3510 excitet
883 3444 1016 3510 Hector,
1187 3452 1250 3510 440

261 3555 342 3618 Haec
358 3552 412 3616 ubi
426 3550 511 3617 dicta
525 3547 622 3630 dedit,
636 3550 733 3635 portis
747 3569 815 3614 sese
830 3546 939 3612 extulit
954 3549 1071 3633 ingens,
1194 3609 1200 3616 ,

216 3655 330 3722 Telum
345 3658 479 3721 immane
494 3673 587 3717 manu
601 3653 763 3737 quatiens:
786 3648 877 3715 mmul
891 3647 1012 3736 agmine
1023 3647 1121 3712 denso

218 3760 419 3845 Antheusque
433 3755 676 3838 Mnestheusque
691 3765 799 3830 ntunt3
818 3749 981 3834 omnisque
996 3749 1113 3814 relictis

217 3862 328 3928 Turba
341 3861 407 3926 lluit
421 3859 542 3925 castris.
581 3853 667 3921 Tum
678 3876 767 3927 caeco
780 3852 910 3938 pulvere
924 3873 1053 3940 campus

217 3963 375 4042 hiiscetur,
389 3959 540 4047 pulsuque
554 3956 670 4044 44444444
684 3955 787 4023 tremit
801 3957 905 4020 excita
920 3953 1021 4020 tellus.
1185 3963 1247 4026 445

216 4064 308 4130 Vidit
322 4065 364 4130 ab
379 4063 513 4130 adverso
527 4064 685 4128 venientes
701 4079 814 4145 aggere
828 4057 962 4139 Turnus,

218 4167 338 4234 Videre
352 4167 501 4246 Ausonii,
522 4161 704 4252 gelidusque
718 4183 776 4248 per
790 4165 853 4228 ima
867 4164 1004 4230 cucurrit
