<?xml version="1.0" encoding="UTF-8"?>
<!DOCTYPE html PUBLIC "-//W3C//DTD XHTML 1.0 Transitional//EN"
    "http://www.w3.org/TR/xhtml1/DTD/xhtml1-transitional.dtd">
<html xmlns="http://www.w3.org/1999/xhtml" xml:lang="en" lang="en">
 <head>
  <title>
</title>
<meta http-equiv="Content-Type" content="text/html;charset=utf-8" />
  <meta name='ocr-system' content='tesseract 3.04.00' />
  <meta name='ocr-capabilities' content='ocr_page ocr_carea ocr_par ocr_line ocrx_word'/>
</head>
<body>
  <div class='ocr_page' id='page_1' title='image "./bucolicageorgic01goulgoog_0097.png"; bbox 0 0 2956 5132; ppageno 0'>
   <div class='ocr_carea' id='block_1_1' title="bbox 656 471 840 532">
    <p class='ocr_par' dir='ltr' id='par_1_1' title="bbox 656 471 840 532">
     <span class='ocr_line' id='line_1_1' title="bbox 656 471 840 532; baseline -0.022 0"><span class='ocrx_word' id='word_1_1' title='bbox 656 471 772 532; x_wconf 73' lang='lat' dir='ltr'>LIBER</span> <span class='ocrx_word' id='word_1_2' title='bbox 791 473 840 529; x_wconf 92' lang='lat' dir='ltr'><strong>lll.</strong></span> 
     </span>
    </p>
   </div>
   <div class='ocr_carea' id='block_1_2' title="bbox 251 619 1286 2923">
    <p class='ocr_par' dir='ltr' id='par_1_2' title="bbox 252 619 1284 1240">
     <span class='ocr_line' id='line_1_2' title="bbox 253 619 925 706; baseline -0.009 -14"><span class='ocrx_word' id='word_1_3' title='bbox 253 623 432 692; x_wconf 67' lang='lat' dir='ltr'><strong>advolvere</strong></span> <span class='ocrx_word' id='word_1_4' title='bbox 446 621 524 688; x_wconf 86' lang='lat' dir='ltr'><strong>focis</strong></span> <span class='ocrx_word' id='word_1_5' title='bbox 535 621 647 698; x_wconf 85' lang='lat' dir='ltr'><strong>ulmos,</strong></span> <span class='ocrx_word' id='word_1_6' title='bbox 662 622 783 706; x_wconf 75' lang='lat' dir='ltr'><strong>ignique</strong></span> <span class='ocrx_word' id='word_1_7' title='bbox 798 619 925 686; x_wconf 71' lang='lat' dir='ltr'><strong>dedbre.</strong></span> 
     </span>
     <span class='ocr_line' id='line_1_3' title="bbox 253 727 933 813; baseline -0.013 -13"><span class='ocrx_word' id='word_1_8' title='bbox 253 731 321 800; x_wconf 77' lang='lat' dir='ltr'><strong>llic</strong></span> <span class='ocrx_word' id='word_1_9' title='bbox 335 745 456 796; x_wconf 89' lang='lat' dir='ltr'><strong>noctem</strong></span> <span class='ocrx_word' id='word_1_10' title='bbox 470 727 546 794; x_wconf 89' lang='lat' dir='ltr'><strong>ludo</strong></span> <span class='ocrx_word' id='word_1_11' title='bbox 562 729 687 803; x_wconf 84' lang='lat' dir='ltr'><strong>ducunt,</strong></span> <span class='ocrx_word' id='word_1_12' title='bbox 703 742 735 791; x_wconf 89' lang='lat' dir='ltr'><strong>et</strong></span> <span class='ocrx_word' id='word_1_13' title='bbox 748 728 860 813; x_wconf 85' lang='lat' dir='ltr'><strong>pocula</strong></span> <span class='ocrx_word' id='word_1_14' title='bbox 873 728 933 791; x_wconf 79' lang='lat' dir='ltr'><strong>leri</strong></span> 
     </span>
     <span class='ocr_line' id='line_1_4' title="bbox 252 832 1284 921; baseline -0.006 -15"><span class='ocrx_word' id='word_1_15' title='bbox 252 839 421 906; x_wconf 75' lang='lat' dir='ltr'><strong>Fermento</strong></span> <span class='ocrx_word' id='word_1_16' title='bbox 436 851 530 921; x_wconf 85' lang='lat' dir='ltr'><strong>acque</strong></span> <span class='ocrx_word' id='word_1_17' title='bbox 546 832 642 900; x_wconf 80' lang='lat' dir='ltr'><strong>scidis</strong></span> <span class='ocrx_word' id='word_1_18' title='bbox 657 835 808 898; x_wconf 75' lang='lat' dir='ltr'><strong>imitancur</strong></span> <span class='ocrx_word' id='word_1_19' title='bbox 819 836 902 899; x_wconf 83' lang='lat' dir='ltr'><strong>vitea</strong></span> <span class='ocrx_word' id='word_1_20' title='bbox 915 835 1023 906; x_wconf 77' lang='lat' dir='ltr'><strong>sorbis,</strong></span> <span class='ocrx_word' id='word_1_21' title='bbox 1217 837 1284 902; x_wconf 80' lang='grc'><strong>380</strong></span> 
     </span>
     <span class='ocr_line' id='line_1_5' title="bbox 255 938 939 1035; baseline -0.003 -27"><span class='ocrx_word' id='word_1_22' title='bbox 255 942 345 1008; x_wconf 79' lang='lat' dir='ltr'><strong>Telis</strong></span> <span class='ocrx_word' id='word_1_23' title='bbox 357 943 552 1029; x_wconf 79' lang='lat' dir='ltr'><strong>hyperborec</strong></span> <span class='ocrx_word' id='word_1_24' title='bbox 567 953 683 1035; x_wconf 77' lang='lat' dir='ltr'><strong>septem</strong></span> <span class='ocrx_word' id='word_1_25' title='bbox 699 938 836 1025; x_wconf 82' lang='lat' dir='ltr'><strong>subjecta</strong></span> <span class='ocrx_word' id='word_1_26' title='bbox 851 940 939 1006; x_wconf 86' lang='lat' dir='ltr'><strong>trioni</strong></span> 
     </span>
     <span class='ocr_line' id='line_1_6' title="bbox 257 1045 981 1132; baseline -0.003 -16"><span class='ocrx_word' id='word_1_27' title='bbox 257 1050 342 1117; x_wconf 87' lang='lat' dir='ltr'><strong>Gens</strong></span> <span class='ocrx_word' id='word_1_28' title='bbox 358 1049 480 1112; x_wconf 76' lang='lat' dir='ltr'><strong>effrena</strong></span> <span class='ocrx_word' id='word_1_29' title='bbox 493 1045 592 1112; x_wconf 78' lang='lat' dir='ltr'><strong>virbrn</strong></span> <span class='ocrx_word' id='word_1_30' title='bbox 608 1045 736 1132; x_wconf 77' lang='lat' dir='ltr'><strong>Rbipcc</strong></span> <span class='ocrx_word' id='word_1_31' title='bbox 750 1045 885 1110; x_wconf 87' lang='lat' dir='ltr'><strong>tunditur</strong></span> <span class='ocrx_word' id='word_1_32' title='bbox 896 1067 981 1126; x_wconf 86' lang='lat' dir='ltr'><strong>euro,</strong></span> 
     </span>
     <span class='ocr_line' id='line_1_7' title="bbox 258 1150 947 1240; baseline -0.007 -21"><span class='ocrx_word' id='word_1_33' title='bbox 258 1154 302 1220; x_wconf 79' lang='lat' dir='ltr'><strong>Et</strong></span> <span class='ocrx_word' id='word_1_34' title='bbox 315 1157 473 1240; x_wconf 80' lang='lat' dir='ltr'>pecudum</span> <span class='ocrx_word' id='word_1_35' title='bbox 488 1151 576 1216; x_wconf 80' lang='lat' dir='ltr'><strong>fulvis</strong></span> <span class='ocrx_word' id='word_1_36' title='bbox 588 1150 705 1217; x_wconf 84' lang='lat' dir='ltr'><strong>volatur</strong></span> <span class='ocrx_word' id='word_1_37' title='bbox 714 1171 850 1235; x_wconf 77' lang='lat' dir='ltr'><strong>¹corpora</strong></span> <span class='ocrx_word' id='word_1_38' title='bbox 865 1152 947 1216; x_wconf 78' lang='lat' dir='ltr'><strong>sctis.</strong></span> 
     </span>
    </p>

    <p class='ocr_par' dir='ltr' id='par_1_3' title="bbox 254 1254 1286 2286">
     <span class='ocr_line' id='line_1_8' title="bbox 301 1254 1034 1340; baseline -0.004 -16"><span class='ocrx_word' id='word_1_39' title='bbox 301 1261 336 1324; x_wconf 89' lang='lat' dir='ltr'><strong>Si</strong></span> <span class='ocrx_word' id='word_1_40' title='bbox 351 1261 405 1323; x_wconf 89' lang='lat' dir='ltr'><strong>tibi</strong></span> <span class='ocrx_word' id='word_1_41' title='bbox 421 1259 563 1322; x_wconf 84' lang='lat' dir='ltr'><strong>lanicium</strong></span> <span class='ocrx_word' id='word_1_42' title='bbox 578 1277 668 1334; x_wconf 80' lang='lat' dir='ltr'><strong>cure,</strong></span> <span class='ocrx_word' id='word_1_43' title='bbox 682 1254 815 1340; x_wconf 79' lang='lat' dir='ltr'><strong>prinum</strong></span> <span class='ocrx_word' id='word_1_44' title='bbox 827 1275 937 1340; x_wconf 77' lang='lat' dir='ltr'><strong>aspero</strong></span> <span class='ocrx_word' id='word_1_45' title='bbox 950 1255 1034 1334; x_wconf 83' lang='lat' dir='ltr'><strong>silva,</strong></span> 
     </span>
     <span class='ocr_line' id='line_1_9' title="bbox 255 1359 1283 1450; baseline -0.001 -22"><span class='ocrx_word' id='word_1_46' title='bbox 255 1362 435 1450; x_wconf 78' lang='lat' dir='ltr'><strong>Lappeque</strong></span> <span class='ocrx_word' id='word_1_47' title='bbox 450 1363 610 1445; x_wconf 77' lang='lat' dir='ltr'>tribulique</span> <span class='ocrx_word' id='word_1_48' title='bbox 626 1360 747 1439; x_wconf 88' lang='lat' dir='ltr'><strong>absint;</strong></span> <span class='ocrx_word' id='word_1_49' title='bbox 769 1359 842 1444; x_wconf 75' lang='lat' dir='ltr'><strong>suge</strong></span> <span class='ocrx_word' id='word_1_50' title='bbox 856 1361 968 1446; x_wconf 89' lang='lat' dir='ltr'><strong>pabula</strong></span> <span class='ocrx_word' id='word_1_51' title='bbox 983 1361 1070 1442; x_wconf 77' lang='lat' dir='ltr'><strong>leta3</strong></span> <span class='ocrx_word' id='word_1_52' title='bbox 1218 1365 1283 1427; x_wconf 77' lang='grc'><strong>385</strong></span> 
     </span>
     <span class='ocr_line' id='line_1_10' title="bbox 257 1465 1037 1552; baseline -0.006 -18"><span class='ocrx_word' id='word_1_53' title='bbox 257 1467 472 1552; x_wconf 75' lang='lat' dir='ltr'><strong>Continuitque</strong></span> <span class='ocrx_word' id='word_1_54' title='bbox 487 1487 600 1552; x_wconf 73' lang='lat' dir='ltr'><strong>greges</strong></span> <span class='ocrx_word' id='word_1_55' title='bbox 613 1466 689 1532; x_wconf 84' lang='lat' dir='ltr'><strong>villis</strong></span> <span class='ocrx_word' id='word_1_56' title='bbox 704 1465 773 1550; x_wconf 80' lang='lat' dir='ltr'><strong>lege</strong></span> <span class='ocrx_word' id='word_1_57' title='bbox 787 1465 927 1531; x_wconf 89' lang='lat' dir='ltr'><strong>mollibus</strong></span> <span class='ocrx_word' id='word_1_58' title='bbox 942 1467 1037 1532; x_wconf 87' lang='lat' dir='ltr'><strong>albos.</strong></span> 
     </span>
     <span class='ocr_line' id='line_1_11' title="bbox 257 1570 1029 1657; baseline -0.003 -20"><span class='ocrx_word' id='word_1_59' title='bbox 257 1571 349 1637; x_wconf 88' lang='lat' dir='ltr'><strong>Illum</strong></span> <span class='ocrx_word' id='word_1_60' title='bbox 363 1587 475 1649; x_wconf 86' lang='lat' dir='ltr'><strong>autem,</strong></span> <span class='ocrx_word' id='word_1_61' title='bbox 489 1571 630 1656; x_wconf 76' lang='lat' dir='ltr'><strong>quemvis</strong></span> <span class='ocrx_word' id='word_1_62' title='bbox 644 1570 723 1636; x_wconf 84' lang='lat' dir='ltr'><strong>aries</strong></span> <span class='ocrx_word' id='word_1_63' title='bbox 737 1571 775 1634; x_wconf 89' lang='lat' dir='ltr'><strong>sit</strong></span> <span class='ocrx_word' id='word_1_64' title='bbox 789 1571 938 1636; x_wconf 88' lang='lat' dir='ltr'><strong>candidus</strong></span> <span class='ocrx_word' id='word_1_65' title='bbox 951 1572 1029 1657; x_wconf 85' lang='lat' dir='ltr'><strong>ipse,</strong></span> 
     </span>
     <span class='ocr_line' id='line_1_12' title="bbox 257 1675 989 1763; baseline -0.003 -21"><span class='ocrx_word' id='word_1_66' title='bbox 257 1676 359 1762; x_wconf 72' lang='lat' dir='ltr'><strong>Nigra</strong></span> <span class='ocrx_word' id='word_1_67' title='bbox 373 1679 473 1742; x_wconf 87' lang='lat' dir='ltr'><strong>subeat</strong></span> <span class='ocrx_word' id='word_1_68' title='bbox 486 1679 548 1742; x_wconf 87' lang='lat' dir='ltr'><strong>udo</strong></span> <span class='ocrx_word' id='word_1_69' title='bbox 563 1675 683 1742; x_wconf 71' lang='lat' dir='ltr'><strong>murm</strong></span> <span class='ocrx_word' id='word_1_70' title='bbox 697 1678 747 1740; x_wconf 89' lang='lat' dir='ltr'><strong>cui</strong></span> <span class='ocrx_word' id='word_1_71' title='bbox 762 1677 863 1760; x_wconf 76' lang='lat' dir='ltr'><strong>lingua</strong></span> <span class='ocrx_word' id='word_1_72' title='bbox 876 1677 989 1763; x_wconf 83' lang='lat' dir='ltr'><strong>paloto,</strong></span> 
     </span>
     <span class='ocr_line' id='line_1_13' title="bbox 255 1780 951 1870; baseline 0 -22"><span class='ocrx_word' id='word_1_73' title='bbox 255 1781 381 1870; x_wconf 85' lang='lat' dir='ltr'><strong>Rejice‚</strong></span> <span class='ocrx_word' id='word_1_74' title='bbox 395 1805 434 1848; x_wconf 83' lang='lat' dir='ltr'><strong>ns</strong></span> <span class='ocrx_word' id='word_1_75' title='bbox 449 1783 574 1849; x_wconf 87' lang='lat' dir='ltr'><strong>maculis</strong></span> <span class='ocrx_word' id='word_1_76' title='bbox 589 1780 722 1846; x_wconf 76' lang='lat' dir='ltr'><strong>infuscet</strong></span> <span class='ocrx_word' id='word_1_77' title='bbox 735 1780 848 1848; x_wconf 82' lang='lat' dir='ltr'><strong>vellere</strong></span> <span class='ocrx_word' id='word_1_78' title='bbox 862 1783 951 1867; x_wconf 87' lang='lat' dir='ltr'><strong>pullis</strong></span> 
     </span>
     <span class='ocr_line' id='line_1_14' title="bbox 257 1885 1286 1976; baseline 0 -22"><span class='ocrx_word' id='word_1_79' title='bbox 257 1888 473 1968; x_wconf 65' lang='lat' dir='ltr'><strong>Nauorum</strong></span> <span class='ocrx_word' id='word_1_80' title='bbox 492 1889 649 1974; x_wconf 85' lang='lat' dir='ltr'><strong>plenoque</strong></span> <span class='ocrx_word' id='word_1_81' title='bbox 662 1885 752 1950; x_wconf 80' lang='lat' dir='ltr'><strong>ulium</strong></span> <span class='ocrx_word' id='word_1_82' title='bbox 767 1888 969 1974; x_wconf 74' lang='lat' dir='ltr'><strong>circumspice</strong></span> <span class='ocrx_word' id='word_1_83' title='bbox 984 1909 1107 1976; x_wconf 59' lang='lat' dir='ltr'><strong>ampo·</strong></span> <span class='ocrx_word' id='word_1_84' title='bbox 1217 1891 1286 1954; x_wconf 77' lang='lat'><strong>390</strong></span> 
     </span>
     <span class='ocr_line' id='line_1_15' title="bbox 258 1993 1048 2076; baseline 0.001 -18"><span class='ocrx_word' id='word_1_85' title='bbox 258 1993 388 2060; x_wconf 76' lang='lat' dir='ltr'><strong>Munere</strong></span> <span class='ocrx_word' id='word_1_86' title='bbox 403 1996 447 2060; x_wconf 90' lang='lat' dir='ltr'><strong>sic</strong></span> <span class='ocrx_word' id='word_1_87' title='bbox 458 1995 550 2060; x_wconf 78' lang='lat' dir='ltr'><strong>niveo</strong></span> <span class='ocrx_word' id='word_1_88' title='bbox 564 1994 652 2070; x_wconf 74' lang='lat' dir='ltr'><strong>lanas,</strong></span> <span class='ocrx_word' id='word_1_89' title='bbox 668 1994 693 2056; x_wconf 89' lang='lat' dir='ltr'><strong>si</strong></span> <span class='ocrx_word' id='word_1_90' title='bbox 708 1993 837 2059; x_wconf 86' lang='lat' dir='ltr'><strong>credere</strong></span> <span class='ocrx_word' id='word_1_91' title='bbox 853 1993 977 2076; x_wconf 75' lang='lat' dir='ltr'><strong>dignum</strong></span> <span class='ocrx_word' id='word_1_92' title='bbox 992 2009 1048 2074; x_wconf 87' lang='lat' dir='ltr'><strong>est,</strong></span> 
     </span>
     <span class='ocr_line' id='line_1_16' title="bbox 258 2097 1039 2184; baseline 0.003 -22"><span class='ocrx_word' id='word_1_93' title='bbox 258 2097 338 2178; x_wconf 87' lang='lat' dir='ltr'><strong>Pan,</strong></span> <span class='ocrx_word' id='word_1_94' title='bbox 352 2101 430 2165; x_wconf 82' lang='lat' dir='ltr'><strong>deus</strong></span> <span class='ocrx_word' id='word_1_95' title='bbox 444 2099 598 2177; x_wconf 66' lang='lat' dir='ltr'><strong>macie,</strong></span> <span class='ocrx_word' id='word_1_96' title='bbox 611 2111 733 2184; x_wconf 85' lang='lat' dir='ltr'><strong>captam</strong></span> <span class='ocrx_word' id='word_1_97' title='bbox 746 2111 790 2175; x_wconf 87' lang='lat' dir='ltr'><strong>tc,</strong></span> <span class='ocrx_word' id='word_1_98' title='bbox 806 2097 906 2176; x_wconf 88' lang='lat' dir='ltr'><strong>Luna,</strong></span> <span class='ocrx_word' id='word_1_99' title='bbox 922 2097 1039 2176; x_wconf 77' lang='lat' dir='ltr'><strong>fefellit,</strong></span> 
     </span>
     <span class='ocr_line' id='line_1_17' title="bbox 254 2205 1150 2286; baseline -0.004 -14"><span class='ocrx_word' id='word_1_100' title='bbox 254 2205 292 2272; x_wconf 89' lang='lat' dir='ltr'><strong>ln</strong></span> <span class='ocrx_word' id='word_1_101' title='bbox 306 2227 436 2272; x_wconf 84' lang='lat' dir='ltr'><strong>nemora</strong></span> <span class='ocrx_word' id='word_1_102' title='bbox 450 2205 512 2268; x_wconf 87' lang='lat' dir='ltr'><strong>alta</strong></span> <span class='ocrx_word' id='word_1_103' title='bbox 525 2223 637 2268; x_wconf 86' lang='lat' dir='ltr'><strong>vocans</strong></span> <span class='ocrx_word' id='word_1_104' title='bbox 650 2226 658 2264; x_wconf 75' lang='grc' dir='ltr'><strong>ι</strong></span> <span class='ocrx_word' id='word_1_105' title='bbox 680 2223 739 2268; x_wconf 86' lang='lat' dir='ltr'><strong>nec</strong></span> <span class='ocrx_word' id='word_1_106' title='bbox 754 2217 788 2266; x_wconf 90' lang='lat' dir='ltr'><strong>tu</strong></span> <span class='ocrx_word' id='word_1_107' title='bbox 804 2217 966 2286; x_wconf 78' lang='lat' dir='ltr'><strong>aspernata</strong></span> <span class='ocrx_word' id='word_1_108' title='bbox 978 2218 1150 2274; x_wconf 80' lang='lat' dir='ltr'><strong>vocantem.</strong></span> 
     </span>
    </p>

    <p class='ocr_par' dir='ltr' id='par_1_4' title="bbox 251 2306 1284 2923">
     <span class='ocr_line' id='line_1_18' title="bbox 299 2306 1109 2394; baseline 0.001 -19"><span class='ocrx_word' id='word_1_109' title='bbox 299 2313 345 2375; x_wconf 80' lang='lat' dir='ltr'><strong>At</strong></span> <span class='ocrx_word' id='word_1_110' title='bbox 359 2310 412 2374; x_wconf 90' lang='lat' dir='ltr'><strong>cui</strong></span> <span class='ocrx_word' id='word_1_111' title='bbox 425 2309 514 2374; x_wconf 86' lang='lat' dir='ltr'><strong>lactis</strong></span> <span class='ocrx_word' id='word_1_112' title='bbox 528 2329 620 2388; x_wconf 80' lang='lat' dir='ltr'><strong>amor,</strong></span> <span class='ocrx_word' id='word_1_113' title='bbox 634 2310 765 2393; x_wconf 77' lang='lat' dir='ltr'><strong>cytisum</strong></span> <span class='ocrx_word' id='word_1_114' title='bbox 781 2308 918 2392; x_wconf 85' lang='lat' dir='ltr'><strong>lotosque</strong></span> <span class='ocrx_word' id='word_1_115' title='bbox 928 2306 1109 2394; x_wconf 75' lang='lat' dir='ltr'><strong>trequentes</strong></span> 
     </span>
     <span class='ocr_line' id='line_1_19' title="bbox 251 2413 1284 2504; baseline 0.001 -21"><span class='ocrx_word' id='word_1_116' title='bbox 251 2417 330 2504; x_wconf 85' lang='lat' dir='ltr'><strong>lpse</strong></span> <span class='ocrx_word' id='word_1_117' title='bbox 346 2437 440 2480; x_wconf 89' lang='lat' dir='ltr'><strong>manu</strong></span> <span class='ocrx_word' id='word_1_118' title='bbox 455 2413 606 2499; x_wconf 69' lang='lat' dir='ltr'><strong>alsasque</strong></span> <span class='ocrx_word' id='word_1_119' title='bbox 620 2414 697 2480; x_wconf 85' lang='lat' dir='ltr'><strong>serat</strong></span> <span class='ocrx_word' id='word_1_120' title='bbox 710 2415 896 2501; x_wconf 80' lang='lat' dir='ltr'><strong>presepibus</strong></span> <span class='ocrx_word' id='word_1_121' title='bbox 911 2415 1032 2480; x_wconf 87' lang='lat' dir='ltr'><strong>herbas.</strong></span> <span class='ocrx_word' id='word_1_122' title='bbox 1219 2419 1284 2484; x_wconf 74' lang='grc'><strong>895</strong></span> 
     </span>
     <span class='ocr_line' id='line_1_20' title="bbox 257 2517 1171 2606; baseline 0.005 -20"><span class='ocrx_word' id='word_1_123' title='bbox 257 2519 341 2588; x_wconf 84' lang='lat' dir='ltr'><strong>llinc</strong></span> <span class='ocrx_word' id='word_1_124' title='bbox 357 2535 390 2587; x_wconf 84' lang='lat' dir='ltr'><strong>ct</strong></span> <span class='ocrx_word' id='word_1_125' title='bbox 404 2535 504 2586; x_wconf 85' lang='lat' dir='ltr'><strong>emant</strong></span> <span class='ocrx_word' id='word_1_126' title='bbox 517 2519 626 2585; x_wconf 81' lang='lat' dir='ltr'><strong>fluvios</strong></span> <span class='ocrx_word' id='word_1_127' title='bbox 640 2517 747 2606; x_wconf 73' lang='lat' dir='ltr'><strong>magis,</strong></span> <span class='ocrx_word' id='word_1_128' title='bbox 763 2543 800 2587; x_wconf 92' lang='lat' dir='ltr'><strong>ac</strong></span> <span class='ocrx_word' id='word_1_129' title='bbox 816 2518 911 2606; x_wconf 77' lang='lat' dir='ltr'><strong>magis</strong></span> <span class='ocrx_word' id='word_1_130' title='bbox 926 2523 1022 2588; x_wconf 88' lang='lat' dir='ltr'><strong>ubera</strong></span> <span class='ocrx_word' id='word_1_131' title='bbox 1035 2524 1171 2606; x_wconf 86' lang='lat' dir='ltr'><strong>tendunt,</strong></span> 
     </span>
     <span class='ocr_line' id='line_1_21' title="bbox 258 2623 1256 2714; baseline 0 -22"><span class='ocrx_word' id='word_1_132' title='bbox 258 2625 553 2693; x_wconf 80' lang='lat' dir='ltr'><strong>Etsalisocculuun</strong></span> <span class='ocrx_word' id='word_1_133' title='bbox 567 2623 841 2692; x_wconf 81' lang='lat' dir='ltr'><strong>resenmtiulscte</strong></span> <span class='ocrx_word' id='word_1_134' title='bbox 853 2643 1030 2714; x_wconf 54' lang='lat' dir='ltr'><strong>saporem(</strong></span> <span class='ocrx_word' id='word_1_135' title='bbox 1251 2639 1256 2677; x_wconf 71' lang='lat' dir='ltr'><strong>l</strong></span> 
     </span>
     <span class='ocr_line' id='line_1_22' title="bbox 257 2731 1076 2819; baseline 0.006 -22"><span class='ocrx_word' id='word_1_136' title='bbox 257 2731 347 2797; x_wconf 78' lang='lat' dir='ltr'><strong>Multi</strong></span> <span class='ocrx_word' id='word_1_137' title='bbox 356 2733 421 2819; x_wconf 82' lang='lat' dir='ltr'><strong>jun</strong></span> <span class='ocrx_word' id='word_1_138' title='bbox 436 2745 579 2798; x_wconf 83' lang='lat' dir='ltr'><strong>excretos</strong></span> <span class='ocrx_word' id='word_1_139' title='bbox 592 2731 755 2816; x_wconf 87' lang='lat' dir='ltr'><strong>probibent</strong></span> <span class='ocrx_word' id='word_1_140' title='bbox 770 2754 788 2798; x_wconf 87' lang='lat' dir='ltr'><strong>a</strong></span> <span class='ocrx_word' id='word_1_141' title='bbox 803 2733 949 2799; x_wconf 88' lang='lat' dir='ltr'><strong>matribus</strong></span> <span class='ocrx_word' id='word_1_142' title='bbox 962 2734 1076 2813; x_wconf 81' lang='lat' dir='ltr'><strong>hedos,</strong></span> 
     </span>
     <span class='ocr_line' id='line_1_23' title="bbox 257 2835 961 2923; baseline -0.003 -22"><span class='ocrx_word' id='word_1_143' title='bbox 257 2836 423 2923; x_wconf 82' lang='lat' dir='ltr'><strong>Prinnque</strong></span> <span class='ocrx_word' id='word_1_144' title='bbox 438 2837 557 2904; x_wconf 73' lang='lat' dir='ltr'><strong>sensus</strong></span> <span class='ocrx_word' id='word_1_145' title='bbox 571 2835 732 2922; x_wconf 78' lang='lat' dir='ltr'><strong>prefigunt</strong></span> <span class='ocrx_word' id='word_1_146' title='bbox 745 2858 800 2902; x_wconf 90' lang='lat' dir='ltr'><strong>ora</strong></span> <span class='ocrx_word' id='word_1_147' title='bbox 813 2839 961 2923; x_wconf 72' lang='lat' dir='ltr'><strong>capistris.</strong></span> 
     </span>
    </p>
   </div>
   <div class='ocr_carea' id='block_1_3' title="bbox 156 2940 1284 3028">
    <p class='ocr_par' dir='ltr' id='par_1_5' title="bbox 156 2940 1284 3028">
     <span class='ocr_line' id='line_1_24' title="bbox 156 2940 1284 3028; baseline 0.012 -29"><span class='ocrx_word' id='word_1_148' title='bbox 156 2984 160 2999; x_wconf 92' lang='lat'><em>.</em></span> <span class='ocrx_word' id='word_1_149' title='bbox 254 2943 353 3020; x_wconf 81' lang='lat' dir='ltr'><strong>Quod</strong></span> <span class='ocrx_word' id='word_1_150' title='bbox 368 2955 509 3027; x_wconf 78' lang='lat' dir='ltr'><strong>surgente</strong></span> <span class='ocrx_word' id='word_1_151' title='bbox 525 2941 577 3006; x_wconf 88' lang='lat' dir='ltr'><strong>dic</strong></span> <span class='ocrx_word' id='word_1_152' title='bbox 592 2940 737 3021; x_wconf 75' lang='lat' dir='ltr'><strong>mralsbre,</strong></span> <span class='ocrx_word' id='word_1_153' title='bbox 752 2944 895 3028; x_wconf 86' lang='lat' dir='ltr'><strong>horisque</strong></span> <span class='ocrx_word' id='word_1_154' title='bbox 908 2944 1031 3021; x_wconf 87' lang='lat' dir='ltr'><strong>diurnis,</strong></span> <span class='ocrx_word' id='word_1_155' title='bbox 1217 2951 1284 3013; x_wconf 80' lang='lat'><strong>⁴00</strong></span> 
     </span>
    </p>
   </div>
   <div class='ocr_carea' id='block_1_4' title="bbox 250 3047 1282 4292">
    <p class='ocr_par' dir='ltr' id='par_1_6' title="bbox 250 3047 1282 4292">
     <span class='ocr_line' id='line_1_25' title="bbox 256 3047 1141 3134; baseline 0.006 -21"><span class='ocrx_word' id='word_1_156' title='bbox 256 3047 358 3114; x_wconf 88' lang='lat' dir='ltr'><strong>Nocte</strong></span> <span class='ocrx_word' id='word_1_157' title='bbox 373 3060 536 3133; x_wconf 86' lang='lat' dir='ltr'><strong>premunt;</strong></span> <span class='ocrx_word' id='word_1_158' title='bbox 559 3048 640 3131; x_wconf 82' lang='lat' dir='ltr'><strong>quod</strong></span> <span class='ocrx_word' id='word_1_159' title='bbox 650 3048 717 3134; x_wconf 80' lang='lat' dir='ltr'><strong>jem</strong></span> <span class='ocrx_word' id='word_1_160' title='bbox 728 3049 862 3114; x_wconf 86' lang='lat' dir='ltr'><strong>tenebris</strong></span> <span class='ocrx_word' id='word_1_161' title='bbox 876 3063 908 3114; x_wconf 90' lang='lat' dir='ltr'><strong>et</strong></span> <span class='ocrx_word' id='word_1_162' title='bbox 921 3049 986 3114; x_wconf 88' lang='lat' dir='ltr'><strong>sole</strong></span> <span class='ocrx_word' id='word_1_163' title='bbox 1001 3050 1141 3132; x_wconf 85' lang='lat' dir='ltr'><strong>cadente,</strong></span> 
     </span>
     <span class='ocr_line' id='line_1_26' title="bbox 258 3153 1102 3242; baseline 0.002 -24"><span class='ocrx_word' id='word_1_164' title='bbox 258 3153 325 3219; x_wconf 88' lang='lat' dir='ltr'><strong>Sub</strong></span> <span class='ocrx_word' id='word_1_165' title='bbox 339 3157 440 3219; x_wconf 84' lang='lat' dir='ltr'><strong>lucem</strong></span> <span class='ocrx_word' id='word_1_166' title='bbox 456 3166 621 3238; x_wconf 75' lang='lat' dir='ltr'><strong>exportans</strong></span> <span class='ocrx_word' id='word_1_167' title='bbox 635 3154 763 3220; x_wconf 72' lang='lat' dir='ltr'><strong>calathis</strong></span> <span class='ocrx_word' id='word_1_168' title='bbox 774 3155 837 3220; x_wconf 83' lang='lat' dir='ltr'><strong>edit</strong></span> <span class='ocrx_word' id='word_1_169' title='bbox 850 3155 963 3242; x_wconf 86' lang='lat' dir='ltr'><strong>oppida</strong></span> <span class='ocrx_word' id='word_1_170' title='bbox 977 3169 1079 3241; x_wconf 86' lang='lat' dir='ltr'><strong>pastor</strong></span> <span class='ocrx_word' id='word_1_171' title='bbox 1091 3180 1102 3236; x_wconf 87' lang='lat'><strong>;</strong></span> 
     </span>
     <span class='ocr_line' id='line_1_27' title="bbox 255 3258 1050 3346; baseline -0.003 -21"><span class='ocrx_word' id='word_1_172' title='bbox 255 3261 320 3325; x_wconf 78' lang='lat' dir='ltr'><strong>Aut</strong></span> <span class='ocrx_word' id='word_1_173' title='bbox 334 3280 427 3345; x_wconf 87' lang='lat' dir='ltr'><strong>parco</strong></span> <span class='ocrx_word' id='word_1_174' title='bbox 442 3259 505 3324; x_wconf 89' lang='lat' dir='ltr'><strong>sale</strong></span> <span class='ocrx_word' id='word_1_175' title='bbox 520 3258 708 3344; x_wconf 72' lang='lat' dir='ltr'><strong>matingunt,</strong></span> <span class='ocrx_word' id='word_1_176' title='bbox 723 3260 877 3344; x_wconf 78' lang='lat' dir='ltr'><strong>hiemiqus</strong></span> <span class='ocrx_word' id='word_1_177' title='bbox 892 3275 1050 3346; x_wconf 85' lang='lat' dir='ltr'><strong>reponunt.</strong></span> 
     </span>
     <span class='ocr_line' id='line_1_28' title="bbox 299 3363 1101 3451; baseline 0.002 -22"><span class='ocrx_word' id='word_1_178' title='bbox 299 3363 438 3429; x_wconf 83' lang='lat' dir='ltr'><strong>Necubi</strong></span> <span class='ocrx_word' id='word_1_179' title='bbox 453 3384 529 3428; x_wconf 87' lang='lat' dir='ltr'><strong>cura</strong></span> <span class='ocrx_word' id='word_1_180' title='bbox 541 3384 653 3428; x_wconf 84' lang='lat' dir='ltr'><strong>cauum</strong></span> <span class='ocrx_word' id='word_1_181' title='bbox 668 3363 759 3430; x_wconf 82' lang='lat' dir='ltr'><strong>suerit</strong></span> <span class='ocrx_word' id='word_1_182' title='bbox 773 3379 949 3451; x_wconf 59' lang='lat' dir='ltr'><strong>postrorum</strong></span> <span class='ocrx_word' id='word_1_183' title='bbox 970 3366 1025 3430; x_wconf 78' lang='lat' dir='ltr'><strong>sed</strong></span> <span class='ocrx_word' id='word_1_184' title='bbox 1040 3365 1101 3430; x_wconf 77' lang='lat' dir='ltr'><strong>uati</strong></span> 
     </span>
     <span class='ocr_line' id='line_1_29' title="bbox 252 3465 1282 3556; baseline 0.009 -24"><span class='ocrx_word' id='word_1_185' title='bbox 252 3467 390 3534; x_wconf 80' lang='lat' dir='ltr'><strong>Veloces</strong></span> <span class='ocrx_word' id='word_1_186' title='bbox 406 3465 521 3553; x_wconf 75' lang='lat' dir='ltr'><strong>Sparte</strong></span> <span class='ocrx_word' id='word_1_187' title='bbox 536 3467 664 3546; x_wconf 89' lang='lat' dir='ltr'><strong>catulos,</strong></span> <span class='ocrx_word' id='word_1_188' title='bbox 681 3489 845 3556; x_wconf 84' lang='lat' dir='ltr'><strong>acremque</strong></span> <span class='ocrx_word' id='word_1_189' title='bbox 860 3468 1039 3548; x_wconf 82' lang='lat' dir='ltr'><strong>Molossum,</strong></span> <span class='ocrx_word' id='word_1_190' title='bbox 1216 3480 1282 3544; x_wconf 77' lang='lat' dir='ltr'><strong>tos</strong></span> 
     </span>
     <span class='ocr_line' id='line_1_30' title="bbox 254 3575 1017 3660; baseline -0.001 -19"><span class='ocrx_word' id='word_1_191' title='bbox 254 3575 357 3642; x_wconf 83' lang='lat' dir='ltr'><strong>Pasce</strong></span> <span class='ocrx_word' id='word_1_192' title='bbox 373 3595 442 3638; x_wconf 89' lang='lat' dir='ltr'><strong>sero</strong></span> <span class='ocrx_word' id='word_1_193' title='bbox 457 3575 558 3660; x_wconf 80' lang='lat' dir='ltr'><strong>pingui</strong></span> <span class='ocrx_word' id='word_1_194' title='bbox 571 3597 579 3637; x_wconf 77' lang='lat' dir='ltr'><strong>s</strong></span> <span class='ocrx_word' id='word_1_195' title='bbox 600 3595 755 3660; x_wconf 89' lang='lat' dir='ltr'><strong>uunquam</strong></span> <span class='ocrx_word' id='word_1_196' title='bbox 770 3577 945 3642; x_wconf 83' lang='lat' dir='ltr'><strong>custodibus</strong></span> <span class='ocrx_word' id='word_1_197' title='bbox 959 3576 1017 3640; x_wconf 89' lang='lat' dir='ltr'><strong>illis</strong></span> 
     </span>
     <span class='ocr_line' id='line_1_31' title="bbox 255 3679 1089 3769; baseline 0.006 -24"><span class='ocrx_word' id='word_1_198' title='bbox 255 3679 449 3745; x_wconf 84' lang='lat' dir='ltr'><strong>Nocturnum</strong></span> <span class='ocrx_word' id='word_1_199' title='bbox 465 3679 588 3744; x_wconf 84' lang='lat' dir='ltr'><strong>stabulis</strong></span> <span class='ocrx_word' id='word_1_200' title='bbox 602 3680 711 3760; x_wconf 78' lang='lat' dir='ltr'><strong>furem,</strong></span> <span class='ocrx_word' id='word_1_201' title='bbox 727 3683 925 3767; x_wconf 80' lang='lat' dir='ltr'><strong>incursusque</strong></span> <span class='ocrx_word' id='word_1_202' title='bbox 940 3685 1089 3769; x_wconf 81' lang='lat' dir='ltr'><strong>lupomm,</strong></span> 
     </span>
     <span class='ocr_line' id='line_1_32' title="bbox 253 3787 914 3872; baseline 0.002 -22"><span class='ocrx_word' id='word_1_203' title='bbox 253 3787 319 3851; x_wconf 82' lang='lat' dir='ltr'><strong>Aut</strong></span> <span class='ocrx_word' id='word_1_204' title='bbox 333 3787 499 3872; x_wconf 84' lang='lat' dir='ltr'><strong>impacatos</strong></span> <span class='ocrx_word' id='word_1_205' title='bbox 513 3809 532 3851; x_wconf 90' lang='lat' dir='ltr'><strong>a</strong></span> <span class='ocrx_word' id='word_1_206' title='bbox 545 3801 632 3872; x_wconf 81' lang='lat' dir='ltr'><strong>tergo</strong></span> <span class='ocrx_word' id='word_1_207' title='bbox 647 3789 783 3854; x_wconf 83' lang='lat' dir='ltr'><strong>horrebis</strong></span> <span class='ocrx_word' id='word_1_208' title='bbox 798 3787 914 3854; x_wconf 88' lang='lat' dir='ltr'><strong>lberos.</strong></span> 
     </span>
     <span class='ocr_line' id='line_1_33' title="bbox 254 3891 991 3978; baseline 0.003 -22"><span class='ocrx_word' id='word_1_209' title='bbox 254 3891 346 3978; x_wconf 72' lang='lat' dir='ltr'><strong>Septi</strong></span> <span class='ocrx_word' id='word_1_210' title='bbox 362 3893 454 3956; x_wconf 84' lang='lat' dir='ltr'><strong>ctiam</strong></span> <span class='ocrx_word' id='word_1_211' title='bbox 469 3911 559 3956; x_wconf 88' lang='lat' dir='ltr'><strong>cursu</strong></span> <span class='ocrx_word' id='word_1_212' title='bbox 574 3893 696 3958; x_wconf 77' lang='lat' dir='ltr'><strong>babidos</strong></span> <span class='ocrx_word' id='word_1_213' title='bbox 711 3894 838 3977; x_wconf 62' lang='lat' dir='ltr'><strong>affl&#39;tabis</strong></span> <span class='ocrx_word' id='word_1_214' title='bbox 852 3915 991 3978; x_wconf 79' lang='lat' dir='ltr'><strong>onagros,</strong></span> 
     </span>
     <span class='ocr_line' id='line_1_34' title="bbox 250 3993 1282 4078; baseline -0.001 -17"><span class='ocrx_word' id='word_1_215' title='bbox 250 3995 296 4061; x_wconf 83' lang='lat' dir='ltr'><strong>Et</strong></span> <span class='ocrx_word' id='word_1_216' title='bbox 312 3995 439 4059; x_wconf 87' lang='lat' dir='ltr'><strong>canibus</strong></span> <span class='ocrx_word' id='word_1_217' title='bbox 452 3993 599 4078; x_wconf 81' lang='lat' dir='ltr'><strong>leporem,</strong></span> <span class='ocrx_word' id='word_1_218' title='bbox 615 3997 741 4061; x_wconf 79' lang='lat' dir='ltr'><strong>essibus</strong></span> <span class='ocrx_word' id='word_1_219' title='bbox 757 3997 909 4061; x_wconf 83' lang='lat' dir='ltr'><strong>venabere</strong></span> <span class='ocrx_word' id='word_1_220' title='bbox 926 3998 1052 4063; x_wconf 68' lang='lat' dir='ltr'><strong>damu:</strong></span> <span class='ocrx_word' id='word_1_221' title='bbox 1216 4008 1282 4068; x_wconf 85' lang='lat'><strong>410</strong></span> 
     </span>
     <span class='ocr_line' id='line_1_35' title="bbox 251 4098 948 4186; baseline -0.001 -20"><span class='ocrx_word' id='word_1_222' title='bbox 251 4100 345 4186; x_wconf 74' lang='lat' dir='ltr'><strong>Saepb</strong></span> <span class='ocrx_word' id='word_1_223' title='bbox 362 4098 525 4162; x_wconf 80' lang='lat' dir='ltr'><strong>volutabris</strong></span> <span class='ocrx_word' id='word_1_224' title='bbox 539 4101 642 4185; x_wconf 87' lang='lat' dir='ltr'><strong>pulsos</strong></span> <span class='ocrx_word' id='word_1_225' title='bbox 656 4100 842 4166; x_wconf 85' lang='lat' dir='ltr'><strong>silvestribus</strong></span> <span class='ocrx_word' id='word_1_226' title='bbox 858 4121 948 4185; x_wconf 78' lang='lat' dir='ltr'><strong>apros</strong></span> 
     </span>
     <span class='ocr_line' id='line_1_36' title="bbox 250 4203 1008 4292; baseline -0.001 -19"><span class='ocrx_word' id='word_1_227' title='bbox 250 4207 384 4273; x_wconf 66' lang='lat' dir='ltr'><strong>latratu</strong></span> <span class='ocrx_word' id='word_1_228' title='bbox 399 4203 533 4270; x_wconf 83' lang='lat' dir='ltr'><strong>turbabis</strong></span> <span class='ocrx_word' id='word_1_229' title='bbox 548 4227 651 4291; x_wconf 77' lang='lat' dir='ltr'><strong>ageas,</strong></span> <span class='ocrx_word' id='word_1_230' title='bbox 667 4219 846 4288; x_wconf 81' lang='lat' dir='ltr'><strong>montesque</strong></span> <span class='ocrx_word' id='word_1_231' title='bbox 862 4227 917 4292; x_wconf 88' lang='lat' dir='ltr'><strong>per</strong></span> <span class='ocrx_word' id='word_1_232' title='bbox 932 4205 1008 4272; x_wconf 88' lang='lat' dir='ltr'><strong>altos</strong></span> 
     </span>
    </p>
   </div>
   <div class='ocr_carea' id='block_1_5' title="bbox 0 0 1482 5132">
    <p class='ocr_par' dir='ltr' id='par_1_7' title="bbox 0 0 1482 5132">
     <span class='ocr_line' id='line_1_37' title="bbox 0 0 1482 5132; baseline 0 0"><span class='ocrx_word' id='word_1_233' title='bbox 0 0 1482 5132; x_wconf 95' lang='lat' dir='ltr'><strong> </strong></span> 
     </span>
    </p>
   </div>
  </div>
 </body>
</html>
