2992 5102
184 476 221 531 34
552 466 731 528 BUCOLlC.
753 467 836 527 ECL
858 467 893 526 X.

232 623 305 688 Non
321 622 404 687 illum
419 623 512 686 nostri
529 634 656 706 possunt
667 634 784 684 mutare
801 621 920 684 labores
933 642 943 700 ;

234 730 305 795 Nee
321 731 346 794 si
362 728 522 813 frigoribus
538 729 646 794 mediis
662 723 865 811 Hebrumque
880 725 1030 803 bibamus,
1218 729 1260 790 65

235 836 450 921 Sithoniasque
466 835 551 898 nives
566 835 675 899 hiemis
691 833 855 898 subeamus
871 853 990 918 aquose
1005 853 1016 912 3

235 943 307 1008 Nec
323 944 358 1022 si,
375 965 468 1027 quum
485 942 617 1006 monens
634 939 694 1004 alui
708 939 785 1006 liber
802 955 866 1004 aret
882 941 911 1004 in
927 939 1022 1017 ulmo,

234 1047 414 1134 AEthiopum
429 1071 587 1114 versemus
602 1070 676 1114 oves
693 1050 747 1112 sub
764 1049 864 1114 sidere
881 1047 1025 1112 Cancri.'

237 1155 350 1220 Omnia
365 1156 457 1218 vincit
472 1156 589 1235 Amor3
613 1168 644 1218 et
659 1177 715 1219 nos
730 1155 879 1220 cedamus
894 1155 1012 1218 Amori.

282 1260 359 1324 Haec
376 1274 421 1324 sat
437 1262 503 1338 erit,
521 1262 607 1336 dive,
623 1274 757 1324 vestrum
774 1261 923 1325 cecinisse
938 1259 1072 1345 politam,
1220 1260 1263 1318 70

236 1367 322 1432 Dum
338 1367 435 1446 sedet,
452 1381 484 1431 at
494 1368 598 1452 gracili
614 1367 759 1432 fiscellam
776 1368 851 1431 texit
863 1367 990 1442 hibisco,

237 1473 402 1538 Pierides:
425 1494 479 1537 vos
496 1474 559 1538 haec
576 1473 693 1538 sacieris
708 1476 844 1538 maxima
859 1473 970 1552 Gallo;

240 1580 341 1657 Gallo,
357 1579 444 1666 cujus
460 1602 544 1645 amor
559 1579 675 1644 tantum
688 1581 760 1644 mihi
776 1582 887 1646 crescit
902 1581 931 1644 in
944 1581 1044 1655 horas,

239 1683 398 1760 Quantum
414 1707 486 1748 vere
502 1706 580 1748 novo
595 1685 698 1750 viridis
714 1707 747 1749 se
764 1685 884 1771 subjicit
893 1681 989 1749 alnus.

285 1791 472 1875 Surgamus:
495 1790 572 1854 solet
587 1811 655 1855 esse
671 1791 770 1874 gravis
785 1790 974 1854 cantantibus
989 1787 1120 1870 umbra3

238 1893 378 1981 iuniperi
395 1898 493 1980 gravis
509 1897 638 1961 umbra:
659 1911 771 1962 nocent
786 1911 817 1962 et
832 1895 967 1983 frugibus
983 1896 1106 1962 umbre.

240 2002 286 2068 lte
299 2006 423 2070 domum
439 2019 557 2085 saturae,
573 2003 655 2070 venit
670 2003 840 2092 Hesperus,
856 2006 909 2085 ite,
925 2003 1060 2092 capelle.
