2992 5102
653 505 809 568 ECLOGA
828 501 876 562 tv.

606 883 844 963 ECLOGA
871 883 949 964 lv,

717 1221 845 1270 rotato.

291 1368 474 1434 Sicanroes
490 1369 598 1452 Mose,
614 1370 707 1458 paulo
722 1371 836 1458 majora
847 1391 1009 1454 cauamua3

290 1477 362 1542 Non
379 1500 485 1542 onmes
499 1479 620 1542 arbusta
628 1478 736 1566 juvant
752 1479 941 1564 humilesque
956 1482 1078 1566 myricae
1093 1503 1101 1542 ε
1200 1561 1207 1570 ι

293 1581 329 1646 si
346 1585 480 1646 caninus
494 1585 594 1661 silvas,
608 1584 686 1647 silve
703 1585 762 1648 sint
776 1586 903 1648 consule
920 1587 1027 1670 dignm.

337 1685 449 1752 Ultima
467 1685 587 1752 Comei
603 1690 688 1752 venit
699 1690 764 1774 jem
779 1691 921 1754 carminis
936 1705 1007 1756 etas
1016 1715 1027 1771 ς

294 1790 423 1875 Magnus
438 1794 475 1856 ab
492 1795 611 1878 integro
626 1792 783 1857 seclorum
794 1796 926 1858 nascitur
941 1798 1038 1868 ordor

293 1898 365 1961 Jam
380 1901 456 1962 redit
472 1916 502 1964 et
516 1899 623 1983 Virgo,
640 1900 769 1962 redeunt
785 1899 925 1967 Saturnia
940 1923 1056 1986 regna3

294 2001 366 2066 Jam
383 2025 458 2068 nove
473 2005 634 2089 progenies
649 2004 729 2068 coelo
745 2005 911 2068 demittitur
927 2005 998 2069 alto.

338 2105 391 2170 Tu
407 2108 499 2172 modd
515 2109 649 2172 nascenti
665 2130 772 2194 puero,
789 2130 849 2194 quo
866 2107 965 2173 lerrea
980 2109 1108 2194 primam

294 2210 440 2290 Desinet,
457 2207 492 2274 ac
504 2225 568 2274 toto
583 2227 683 2296 surget
697 2233 772 2296 gens
788 2232 881 2276 aurea
896 2213 1021 2291 muodo,

299 2315 413 2394 Casta,
428 2315 508 2395 lave,
524 2314 663 2380 Lucina:
683 2332 753 2382 tuus
763 2317 829 2401 Jam
844 2329 951 2401 regnat
964 2315 1086 2403 Apollo.

341 2423 456 2512 Teque
471 2426 549 2491 adeo
564 2427 659 2492 decus
672 2426 732 2492 hoc
749 2428 815 2504 avi,
830 2439 860 2492 te
876 2427 1012 2505 consule,
1028 2427 1121 2504 inibit.

295 2532 410 2612 Pollio,
427 2547 457 2597 et
471 2532 615 2619 incipient
633 2534 734 2618 magni
751 2535 920 2618 procedere
935 2554 1076 2598 menses:

294 2637 348 2702 Te
365 2641 455 2716 duce,
470 2640 494 2702 si
511 2660 571 2724 qua
586 2651 710 2704 manent
725 2638 850 2702 sceleris
864 2639 991 2722 vestigia
1005 2641 1107 2716 nostri,

297 2743 384 2808 Irrita
399 2743 546 2830 perpetuis
561 2743 679 2808 solvent
689 2742 849 2808 formidine
864 2757 971 2810 terras.

298 2847 355 2912 llle
371 2847 462 2914 deltm
478 2851 571 2914 vitam
587 2849 729 2934 accipiet,
745 2848 880 2933 divisque
896 2849 1009 2914 ridebit

299 2953 474 3018 Permixtos
489 2953 612 3033 heroas,
628 2967 660 3018 et
675 2954 741 3039 ipse
756 2953 905 3018 videbitur
921 2953 999 3032 illis;

299 3057 511 3142 Paestumque
527 3071 616 3141 reget
628 3058 732 3142 patriis
746 3056 904 3120 airmtibus
919 3057 1034 3120 orbem.

345 3163 388 3240 At
402 3161 453 3226 tibi
468 3162 577 3248 prima,
592 3182 679 3246 puer,
689 3163 771 3225 nullo
786 3161 964 3226 munuscula
979 3162 1072 3240 cultu,

300 3265 449 3331 Errantes
464 3267 595 3330 hederas
609 3267 721 3351 passim
736 3287 808 3329 cum
823 3266 953 3331 baccare
969 3265 1058 3330 tellus

299 3371 461 3456 Mixtaque
476 3373 586 3438 ridenti
601 3371 754 3436 colocasia
769 3371 876 3436 fundet
891 3373 1039 3437 acantho:

299 3477 379 3564 lpse
395 3479 473 3542 lacte
488 3480 613 3542 domurn
629 3475 761 3541 reserent
776 3477 905 3544 distenta
920 3477 1043 3563 capellae

298 3581 428 3662 Ubera;
449 3603 508 3646 nec
523 3603 649 3666 magnos
665 3595 799 3646 mearent
814 3597 949 3647 armenta
958 3584 1083 3647 leones:

302 3687 375 3774 lpse
390 3688 443 3751 tibi
459 3687 585 3752 blandos
600 3687 726 3752 fundent
742 3689 891 3753 cunabula
906 3687 1017 3753 floras:

303 3793 437 3856 Occidet
451 3808 480 3855 ct
497 3811 632 3877 serpens,
648 3805 679 3854 ct
693 3791 786 3856 fallax
800 3793 895 3857 herba
908 3792 1018 3856 aeneai

304 3897 460 3978 Occidet3
481 3897 641 3980 Assyrium
658 3893 747 3979 vulgo
762 3911 903 3964 nascetur
917 3915 1082 3961 amomum.

348 4003 390 4068 At
405 4003 494 4070 amul
507 4004 635 4068 heroum
651 3999 758 4066 laudes
773 4015 804 4064 et
819 3999 898 4064 lecta
913 4001 1045 4084 parentis

296 4112 373 4176 Jam
386 4111 501 4194 legere,
516 4125 547 4174 et
563 4133 629 4196 que
645 4112 682 4174 sit
696 4109 809 4194 poteris
822 4127 1006 4190 cognoscere
1021 4109 1133 4186 virtus3

295 4217 388 4284 Molli
404 4219 548 4304 paulatim
562 4217 708 4284 flavescet
721 4233 848 4300 carnpus
863 4210 962 4292 aristi,
