2956 5132
205 471 263 540 ill
641 481 828 546 minos

213 721 216 728 1
245 632 385 699 Cunctua
398 631 441 698 ob
455 630 577 698 ltaliam
591 643 745 700 terrarum
759 632 916 704 clauditur
928 636 1037 704 orbist

244 733 341 800 Certb
356 733 429 800 hino
444 733 603 800 Romanos
616 733 692 800 olim
704 733 900 802 volventibus
914 742 1004 806 aunis

242 839 331 908 ilinc
346 841 413 907 iore
427 839 582 922 ductores,
595 854 742 906 revocato
756 863 777 908 a
790 847 938 930 sangiune
952 845 1080 928 Teucri,

242 944 305 1028 Qu·
320 965 417 1025 mare,
430 947 484 1030 qui
499 958 597 1010 terras
606 947 691 1010 omni
705 944 823 1011 ditione
837 959 986 1028 tenerem,

245 1045 421 1114 Pollicitus:
444 1067 511 1134 que
524 1061 566 1128 te,
578 1051 709 1135 genitor,
722 1051 874 1116 sententia
887 1054 1001 1116 vertiti

243 1151 318 1218 Hoc
333 1150 478 1237 equidem
491 1171 639 1216 occasum
653 1149 757 1235 Troje
771 1153 937 1236 tristesque
950 1156 1057 1222 ruinas

245 1251 387 1332 Solebat,
401 1254 472 1318 satis
486 1254 644 1316 conuaria
658 1252 722 1316 satu
736 1251 923 1336 rependens.

243 1351 334 1422 Nunc
349 1351 459 1419 eadem
474 1355 596 1418 fortuna
609 1355 694 1417 viros
707 1365 752 1416 tot
766 1353 892 1418 casibus
905 1369 993 1420 actos

243 1455 435 1542 Insequinu:
458 1473 549 1541 quem
564 1451 622 1518 das
636 1452 737 1532 fiunem,
751 1473 809 1518 rex
823 1473 944 1541 magne,
959 1455 1123 1524 ubonrnr

241 1557 381 1626 Antenor
395 1560 503 1643 potuit,
516 1555 627 1620 mediis
641 1552 765 1639 elapsus
779 1554 921 1637 Achivis,

241 1658 386 1747 Illyricos
400 1672 565 1746 penetrare
578 1660 662 1722 sinus
677 1669 770 1742 atque
783 1661 891 1724 intima
906 1671 988 1724 tntrrs

241 1761 352 1851 Regna
366 1745 584 1839 libuluorum
597 1773 628 1824 et
642 1760 757 1826 sontem
770 1781 920 1847 superare
934 1763 1069 1844 limavi,

241 1863 335 1932 Unde
348 1885 408 1952 per
421 1883 477 1928 ora
490 1883 601 1928 novem
615 1875 704 1926 vasto
717 1883 788 1928 cunr
803 1883 959 1930 murmure
973 1869 1085 1932 montis

240 1971 268 2040 lt
281 1991 366 2036 mare
381 1980 571 2056 proruptum,
585 1979 616 2032 et
629 1965 741 2054 pelago
754 1971 868 2052 premit
881 1989 960 2034 ma
974 1975 1107 2036 sonanti.

239 2073 306 2142 Hic
322 2087 425 2138 tamen
438 2067 492 2136 ille
505 2069 616 2135 urbem
632 2069 743 2134 Patavi
756 2069 909 2156 sedesque
923 2070 1038 2138 locavit
1144 2155 1148 2164 ι
1201 2071 1206 2078 ’

239 2175 443 2255 Teucrorum,
457 2187 488 2238 et
501 2176 584 2260 genti
598 2193 710 2238 nornen
725 2171 821 2254 dedit,
836 2195 985 2261 armaque
999 2177 1068 2243 lixit

237 2275 356 2359 Troia3
376 2299 457 2344 nunc
471 2275 597 2362 placidi
611 2273 786 2362 comptstus
800 2299 880 2362 pace
895 2282 1037 2363 quiescit.

238 2381 313 2463 Nos,
328 2396 380 2447 tua
393 2383 568 2467 progenies,
583 2379 655 2444 coeli
670 2380 783 2464 quibus
798 2381 907 2444 annuis
923 2401 1039 2463 amem,

238 2485 380 2552 Navibus
393 2479 581 2564 (infandum)
596 2483 726 2558 amissis,
740 2483 830 2545 unius
844 2482 887 2546 ob
901 2484 981 2547 iram

238 2585 412 2666 Prodimur,
425 2597 521 2668 atque
534 2581 619 2646 Italis
633 2579 724 2667 longi
738 2581 942 2670 disjungimur
954 2589 1030 2652 oris.

236 2689 303 2756 Hic
317 2689 442 2775 pietatis
455 2684 575 2750 honosl
594 2687 640 2748 sic
655 2705 711 2748 nos
725 2687 757 2749 in
771 2699 896 2772 sceptra
910 2693 1057 2774 reponis?

276 2790 341 2857 Olli
355 2787 519 2856 subridens
534 2786 690 2852 hominum
705 2799 790 2852 sator
803 2801 896 2874 atque
910 2787 1050 2870 deorum,

235 2893 333 2963 Vultu
348 2915 410 2980 quo
423 2891 536 2957 cnelurn
551 2900 810 2976 tempestatesque
824 2903 957 2972 serenat,

233 3003 350 3071 Oscula
365 3003 476 3068 libavit
489 3013 585 3080 natu3
599 2997 713 3065 dehinc
728 2998 804 3064 talia
820 3000 919 3064 satur:

234 3107 333 3174 Parce
347 3117 440 3185 metu,
454 3101 636 3190 Cythereae
658 3115 783 3167 manent
797 3105 924 3167 immota
939 3115 1060 3169 tuorum

231 3199 401 3286 Fata'tibi3
422 3225 532 3270 cernes
546 3203 656 3268 urbem
671 3219 701 3268 et
714 3207 868 3291 promissa
883 3203 999 3270 Lavini

230 3313 360 3392 Meuia,
374 3308 599 3394 sublimemque
615 3307 696 3373 seres
711 3307 752 3372 ad
767 3307 873 3372 sidera
887 3307 961 3372 coeli

230 3417 463 3502 Magnanimum
479 3409 615 3493 Enean3
637 3433 737 3496 neque
751 3431 802 3474 me
815 3413 968 3478 sententia
980 3414 1086 3476 vertit.
1194 3417 1255 3477 260

215 3521 297 3586 ¹Hic
311 3518 382 3600 (tibi
398 3517 489 3582 fabor
502 3518 595 3594 enim,
609 3513 734 3599 quando
748 3513 814 3578 hec
828 3525 859 3577 te
873 3533 949 3578 cura
963 3514 1130 3595 remordet,

230 3619 367 3708 Longiirs
382 3633 413 3684 et
426 3616 554 3683 volvens
569 3618 701 3681 satorum
716 3637 833 3682 areana
847 3617 993 3702 movebo)

227 3722 350 3794 Bellum
365 3725 472 3808 ingens
486 3731 574 3806 geret
588 3717 686 3798 ltalid,
700 3717 893 3805 populosque
908 3719 1030 3784 seroces

227 3821 414 3902 Contundet,
429 3841 592 3906 moresque
606 3824 682 3885 viris
697 3833 728 3884 et
741 3825 856 3886 moenia
869 3835 974 3906 ponet,

227 3923 339 3991 Tertia
353 3923 426 3988 dum
441 3923 534 3989 Latio
548 3935 729 4009 regnantem
742 3921 857 3986 viderit
872 3933 970 4000 estas,
1194 3927 1254 3988 265

227 4027 395 4120 Ternaque
410 4029 587 4090 transierint
603 4020 725 4089 Rutulis
740 4023 872 4089 hiberna
887 4025 1035 4090 subactis.

228 4131 271 4197 At
283 4149 361 4215 puer
376 4129 538 4208 Ascanius,
552 4131 603 4192 cui
618 4149 698 4194 nunc
713 4149 883 4214 cognomen
899 4127 965 4194 lulo
