2992 5102
681 475 798 536 LIBER
818 475 853 535 li.

261 629 429 706 Quantum
446 626 489 690 illi
504 623 642 690 muers
657 647 777 710 greges,
794 625 922 709 durique
937 644 1089 688 venenum

264 735 391 811 Dentis,
406 746 438 798 et
454 733 599 798 admorso
614 733 729 814 signate
744 731 775 794 in
790 730 882 814 stirpe
898 729 1036 794 cicatrix.

314 841 387 904 Non
403 840 494 903 aliam
510 839 550 902 ob
566 836 689 920 culpam
705 832 833 898 Baccho
848 854 943 918 caper
957 833 1097 900 omnibus
1111 833 1171 896 aris
1240 835 1302 895 380

272 945 419 1023 caditur,
434 959 467 1011 et
482 955 606 1006 soteres
621 942 725 1006 ineunt
741 939 900 1024 proscenia
915 939 976 1002 iudi
991 963 1001 1018 ;

274 1049 465 1133 Premisque
478 1046 618 1130 ingeniis,
631 1065 725 1130 pagos
739 1059 771 1108 et
786 1045 919 1128 compita
933 1045 1060 1122 circum,

271 1153 416 1220 Thesidae
433 1151 576 1238 nombre,
592 1167 683 1234 atque
699 1151 777 1214 inter
792 1149 904 1235 pocula
918 1151 976 1214 icti

274 1259 419 1324 Mollibus
435 1261 465 1322 in
482 1261 574 1344 pratis
590 1271 697 1322 unctos
712 1255 832 1320 salubre
849 1277 904 1340 per
920 1269 1012 1322 utres.

274 1364 345 1430 Nec
361 1385 422 1427 non
440 1363 578 1437 Ausonii,
594 1359 692 1447 Trojd
706 1384 781 1446 gens
796 1361 899 1438 missa,
914 1362 1014 1426 coloni
1084 1443 1088 1450 .
1239 1365 1303 1424 385

274 1467 423 1534 Versibus
437 1469 601 1552 incomptis
615 1467 732 1543 ludunt,
748 1468 869 1552 risuque
886 1467 995 1545 soluto,

275 1575 401 1658 Oraque
416 1574 581 1638 corticibus
595 1587 718 1636 sumunt
732 1571 884 1636 horrenda
898 1573 1013 1636 cavatis
1028 1595 1036 1635 t

278 1678 326 1744 Et
339 1693 381 1757 te,
395 1676 533 1757 Baccbe,
548 1692 662 1743 vocant
677 1697 732 1762 per
746 1677 882 1742 carmina
897 1677 974 1754 lata,
990 1677 1102 1762 tibique

281 1784 400 1849 Oseiila
415 1806 454 1850 es
470 1783 529 1848 alti
543 1784 732 1868 suspendunt
747 1783 848 1850 mollia
861 1785 946 1868 pinu.

277 1887 366 1954 Hinc
380 1891 477 1954 omnis
491 1891 576 1974 largo
591 1889 732 1974 pubescit
746 1891 835 1954 vinea
851 1888 947 1968 soetu;
1236 1893 1305 1954 890

275 1994 479 2080 complentur
494 1996 651 2081 vallesque
666 2015 759 2072 cave,
775 1997 928 2080 saltusque
944 1993 1096 2081 profundi,

277 2100 322 2164 Et
337 2100 532 2186 quicumque
547 2102 624 2167 deus
638 2101 754 2166 circius
770 2115 863 2186 caput
879 2102 939 2184 egit
955 2101 1130 2166 honestum.

277 2203 365 2288 Ergo
380 2204 437 2269 rite
453 2227 543 2269 suum
557 2204 685 2271 Baccho
700 2206 839 2270 dicemus
853 2205 1000 2268 honorem

275 2308 478 2376 Carminibus
493 2311 784 2396 pandamusque
801 2323 833 2374 et
847 2309 908 2372 liba
922 2308 1077 2389 seramus3
1186 2355 1188 2362 .

274 2413 323 2480 Et
339 2417 450 2482 ductus
465 2436 558 2480 cornu
573 2418 661 2482 stabit
675 2439 763 2482 sacer
779 2417 881 2480 hircus
897 2415 935 2480 ed
952 2437 1047 2493 mam,
1244 2416 1306 2478 39⁵

277 2521 472 2608 Pinguiaque
486 2524 516 2588 in
533 2523 666 2588 verubus
680 2522 862 2588 torrebimus
877 2535 949 2588 exta
965 2520 1107 2588 columis.

324 2625 384 2692 Est
399 2629 489 2695 ctiam
505 2629 555 2694 iile
571 2627 657 2694 labor
671 2628 814 2692 curandis
828 2629 937 2694 vitibus
951 2627 1038 2710 alter,

278 2729 342 2797 Cui
359 2755 511 2820 nunquam
526 2735 668 2800 exhausti
681 2734 755 2798 satis
770 2745 833 2809 est;
856 2755 988 2819 namque
1003 2755 1095 2800 omne
1111 2737 1270 2820 quotannis

278 2838 408 2922 Terque
424 2853 591 2924 quaterque
607 2840 706 2904 solum
722 2840 934 2919 scindendum,
950 2841 1099 2926 glebaque
1115 2843 1209 2906 versis

277 2941 442 3008 AEtemiun
458 2942 627 3027 frangenda
640 2943 825 3023 bidentibus,
840 2966 931 3010 omne
947 2945 1109 3010 lavandum
1241 2946 1307 3007 400

280 3043 407 3110 Fronde
423 3067 530 3112 nemus
545 3069 554 3110 s
576 3047 656 3112 redit
667 3049 808 3132 agricolis
823 3048 908 3114 labor
919 3065 1005 3116 actus
1019 3051 1050 3114 in
1064 3048 1183 3126 orbem,

279 3149 385 3236 Atque
401 3151 430 3214 in
445 3173 480 3215 se
495 3173 621 3235 suaper
635 3153 762 3236 vestigia
777 3153 904 3219 volvitur
920 3175 1026 3220 annus.

325 3255 376 3318 Ac
386 3255 453 3342 jam
467 3257 540 3322 olim
555 3277 640 3322 seras
655 3261 757 3342 posuit
772 3278 865 3340 quum
881 3260 970 3324 vinea
984 3256 1117 3334 frondes,

279 3357 427 3445 Frigidus
442 3375 473 3424 et
486 3361 568 3425 silvis
583 3359 684 3446 aquilo
701 3363 835 3428 decussit
849 3363 1019 3441 honorem

276 3465 353 3530 Jam
369 3479 432 3529 tum
449 3485 520 3530 scer
535 3485 626 3530 curas
640 3465 814 3530 venientem
830 3465 969 3530 extendit
982 3465 1013 3528 in
1028 3484 1140 3530 annunt
1244 3468 1308 3528 405

279 3569 442 3646 Rusticus,
458 3583 490 3635 et
503 3591 597 3634 curso
613 3570 736 3636 Saturni
752 3572 842 3636 dente
858 3568 995 3634 relictam

279 3671 483 3759 Persequitur
495 3675 589 3740 ritem
605 3676 776 3751 attondens,
792 3675 935 3760 fingitque
951 3673 1096 3760 puundo.

281 3778 406 3846 Primus
420 3780 548 3846 humum
563 3780 670 3859 indito,
687 3781 802 3866 primus
817 3783 946 3846 devecta
961 3793 1097 3846 cremato

281 3885 458 3962 menta,
474 3898 506 3948 et
520 3886 615 3952 vallos
629 3888 745 3971 primus
760 3887 816 3951 sub
828 3899 910 3953 taeta
925 3882 1037 3948 referto
1051 3906 1059 3945 a

277 3991 463 4056 Postremus
478 3991 594 4058 metito·
618 3990 674 4056 Bis
689 3991 798 4058 vitibus
813 3991 922 4072 ingruit
933 3987 1057 4068 urnbra3
1245 3995 1309 4053 410

167 4123 172 4132 ·
277 4097 341 4162 Bis
355 4109 492 4180 segetem
509 4097 611 4164 deusb
621 4099 778 4164 obducunt
793 4096 926 4160 sentibus
938 4094 1059 4160 herbe:

277 4199 390 4266 Durus
405 4213 535 4285 uterque
549 4203 646 4268 labor.
691 4201 833 4270 Laudato
848 4201 1082 4284 ingenuarum

1326 767 1366 820 ><
