2978 5124
645 527 760 589 LIBER
779 527 841 588 Vll.

249 695 375 774 Littera,
389 687 511 780 pinguis
525 691 578 755 nbi
593 704 623 754 et
638 688 801 776 placabilis
816 709 872 752 ara
887 687 1009 752 Diana.
1086 739 1093 756 .
1143 766 1147 772 Ι

249 797 388 882 Namque
405 795 508 860 ierunt
524 793 608 859 fami
623 791 841 879 Hippolytum,
858 803 1021 878 postquam
1039 803 1107 856 arte

329 921 473 965 novercae
1212 898 1273 956 765

247 1002 412 1083 Occiderit,
425 1005 606 1088 patriasque
622 1001 754 1088 explerit
768 1005 917 1087 sanguine
931 1022 1040 1087 poenas

235 1095 392 1172 'turbatis
406 1106 573 1172 distractus
589 1107 686 1192 equis,
700 1106 741 1170 ad
756 1105 860 1170 sidera
875 1129 978 1170 rursus

245 1207 389 1274 AEtberia
403 1224 433 1274 et
448 1231 576 1296 superas
591 1207 663 1273 coeli
678 1212 801 1273 venisse
816 1210 874 1273 sub
889 1225 990 1289 auras,

246 1309 376 1375 Paeoniis
390 1325 568 1376 revocatum
584 1311 691 1376 herbis
706 1327 736 1376 et
751 1334 856 1377 amore
872 1311 996 1376 Dianae.

207 1395 218 1426 ¹
243 1413 325 1478 Tum
340 1426 430 1498 pater
444 1414 646 1498 omnipotens,
661 1414 796 1499 aliquem
811 1413 986 1500 indignatus
1001 1413 1042 1478 ab
1056 1415 1174 1480 umbris
1212 1421 1275 1479 770

244 1516 409 1584 Mortalem
425 1517 551 1582 infernis
567 1516 607 1580 ad
622 1517 737 1581 lumina
752 1539 878 1604 surgere
895 1521 978 1598 vitae,

244 1620 313 1706 lpse
327 1633 519 1706 repertorem
533 1619 697 1685 medicinae
714 1620 783 1684 talis
798 1633 828 1684 et
843 1623 919 1684 artis

243 1723 384 1789 Fulmine
400 1722 622 1810 Pboebigenam
638 1725 761 1810 Stygias
776 1723 905 1787 detrusit
920 1685 1086 1789 adbndas

244 1829 286 1891 At
299 1827 408 1892 Trivia
424 1825 634 1914 Hippolytum
649 1831 778 1892 secretis
793 1827 873 1892 alma
888 1827 1028 1892 recondit
1116 1875 1121 1882 ·

244 1927 389 2008 Sedibus,
404 1941 434 1992 et
449 1929 596 2014 nymphae
612 1929 735 2015 Egeriae
751 1932 931 2014 nemorique
946 1929 1084 2015 relegat3
1212 1935 1274 1995 775

245 2030 335 2095 Solus
348 2030 403 2094 ubi
418 2033 450 2094 in
465 2029 551 2095 silvis
567 2028 650 2094 Italis
665 2029 810 2116 ignobilis
825 2051 925 2094 aevum

245 2133 404 2221 Exigeret,
418 2153 572 2217 versoque
587 2133 640 2196 ubi
655 2134 776 2198 nomine
794 2132 923 2197 Virbius
938 2146 1031 2206 esset.

245 2237 336 2302 Unde
352 2239 447 2301 etiam
461 2235 576 2321 templo
590 2236 707 2300 Triviae
723 2237 861 2321 lucisque
876 2241 1006 2300 sacratis
1034 2295 1038 2304 .

244 2339 440 2426 Cornipedes
455 2355 601 2404 arcentur
615 2342 697 2425 equi,
712 2338 794 2425 quod
810 2338 911 2404 littore
925 2361 1049 2405 currum

190 2465 195 2484 ·
244 2441 285 2506 Et
294 2444 442 2530 juvenem
457 2444 601 2507 monstris
615 2441 725 2527 pavidi
739 2441 877 2507 ell'udtire
892 2443 1028 2508 marinis.
1216 2453 1277 2512 '180

245 2542 341 2608 Filius
354 2543 499 2609 ardentes
514 2541 597 2607 haud
612 2541 714 2608 secius
728 2565 853 2629 aequore
868 2541 971 2630 campi

244 2645 424 2712 Exercebat
439 2669 545 2732 equos,
558 2667 714 2732 curruque
729 2647 759 2710 in
774 2645 859 2712 bella
873 2648 995 2712 ruebat.

286 2749 356 2836 lpse
371 2753 452 2814 inter
465 2749 580 2835 primos
594 2751 752 2835 praestanti
767 2771 899 2835 corpore
914 2751 1038 2815 Turnus

243 2851 398 2932 Vertitur,
412 2873 498 2916 arma
513 2865 630 2930 tenens,
645 2864 675 2916 et
690 2863 754 2915 toto
767 2852 883 2916 vertice
898 2852 989 2938 suprd
1004 2867 1060 2919 est.

242 2955 303 3021 Cui
317 2956 431 3043 triplici
445 2956 556 3021 crinita
565 2953 644 3044 juba
658 2953 748 3042 galea
763 2955 825 3020 alta
840 2955 1029 3021 Chimaeram
1211 2963 1272 3023 785

242 3058 388 3139 Sustinet,
403 3057 538 3124 AEtnaeos
553 3055 705 3122 efflantem
719 3057 859 3122 lancibus
875 3060 978 3142 ignes:

242 3160 324 3226 Tam
338 3164 437 3248 magis
452 3159 506 3226 illa
520 3162 655 3226 fremens
670 3171 701 3224 et
715 3159 853 3224 tristibus
868 3158 963 3224 effera
977 3159 1118 3242 flammis,

243 3264 345 3346 Quem
360 3265 458 3346 magis
473 3260 568 3326 effuso
582 3262 770 3327 crudescunt
785 3264 932 3347 sanguine
946 3283 1068 3348 pugnae.

242 3367 284 3430 At
300 3365 400 3430 levem
414 3363 561 3450 clypeum
576 3364 704 3428 sublatis
719 3365 865 3430 cornibus
880 3363 914 3428 lo

241 3469 330 3532 Auro
345 3467 520 3553 insignibat,
529 3467 595 3553 jam
610 3468 683 3532 setis
698 3467 810 3547 obsita,
819 3467 885 3554 jam
901 3467 966 3546 bos,

241 3571 465 3657 Argumentum
479 3572 596 3654 ingens,
610 3581 640 3632 et
654 3583 757 3633 eustos
770 3569 897 3656 virginis
912 3571 1023 3654 Argus,

241 3673 426 3758 Caelateique
441 3693 563 3738 amnem
577 3671 707 3736 lundens
721 3685 810 3758 pater
826 3671 959 3737 lnaebus
973 3673 1061 3736 urnai.

243 3777 418 3862 insequitur
432 3776 554 3840 nimbus
568 3775 715 3860 peditum,
730 3776 941 3862 clypeataque
957 3777 1027 3840 totis

241 3882 377 3966 Agmina
390 3877 559 3942 densentur
571 3881 701 3964 campis,
716 3881 895 3963 Argivaque
909 3878 1020 3963 pubes,

242 3984 461 4065 Auruncaeque
476 4001 593 4060 manus,
609 3979 724 4058 Rutuli,
736 3993 918 4064 veteresque
934 3981 1048 4076 Sicani,
1158 3971 1164 3980 ”
1213 3991 1273 4050 795

243 4085 286 4150 Et
301 4085 446 4148 Sacranoe
462 4085 557 4164 acies,
572 4096 602 4146 et
616 4087 693 4168 picti
708 4097 794 4146 scuta
808 4081 942 4164 Labici3

243 4185 309 4267 Qui
323 4183 428 4264 saltus,
443 4183 603 4264 Tiberine,
618 4197 696 4264 tuos,
711 4204 895 4270 sacrumque
910 4185 1033 4254 Numici

545 4291 585 4349 ³4
