2956 5132
648 519 762 585 amsa
781 523 805 583 l.

233 683 325 750 Alma
340 679 451 748 Venus
466 675 602 765 Phrygii
617 681 723 764 genuit
739 678 905 742 Simointis
920 675 961 742 ad
975 674 1112 742 undaml

230 787 339 870 Atque
353 779 500 868 equidem
514 779 675 844 Teucrum
689 783 814 844 memini
831 778 948 844 Sidona
963 783 1082 860 venire,

231 886 366 952 Finibus
379 881 545 969 expulsum
559 883 679 967 patriis,
693 901 775 946 nora
788 903 885 968 regna
899 895 1057 968 petentem
1199 885 1264 944 620

234 985 364 1053 auxilio
378 983 460 1050 Beli.
482 983 616 1048 Genitor
629 997 693 1046 tum
708 982 804 1047 Belus
819 986 953 1068 opimam

236 1089 392 1156 Vastahat
405 1088 561 1174 Cyprum,
576 1099 607 1150 et
620 1090 723 1151 victor
737 1085 855 1149 ditione
869 1087 1005 1151 tenebat.

235 1191 394 1278 Tempore
405 1193 473 1280 jam
488 1211 529 1252 ex
543 1187 597 1253 illu
611 1209 703 1252 casus
717 1187 795 1284 mihi
810 1191 950 1275 cognitus
964 1190 1052 1254 urbis

235 1293 390 1382 Trojano,
405 1313 580 1377 nomenque
593 1306 688 1371 mum,
703 1311 855 1377 regesque
873 1291 1006 1378 Pelasgi.

236 1397 421 1483 ipsehostis
436 1389 577 1460 Teucrus
590 1397 704 1480 insigni
719 1393 959 1474 laudeiereb'at,
1203 1401 1265 1459 625

237 1501 340 1585 Seque
354 1514 455 1566 ortum
470 1499 599 1584 antiqua
613 1487 806 1562 Teucrorum
821 1499 864 1562 ab
878 1502 975 1584 stirpe
989 1496 1125 1563 volebat.
1219 1494 1222 1503 '

233 1599 344 1683 Quare
359 1605 449 1687 agite,
463 1621 493 1681 o,
508 1604 609 1678 tectis,
619 1600 761 1686 juvenes,
776 1599 935 1664 succedite
950 1603 1075 1664 nostris.

238 1703 296 1768 Me
311 1725 431 1788 quoque
446 1702 630 1789 permultos
645 1701 754 1766 similis
769 1703 890 1767 fortuna
906 1703 1031 1767 labores

237 1806 396 1870 Jactatam
409 1805 467 1872 hic
481 1806 609 1871 demum
624 1803 720 1868 voluit
734 1809 902 1870 consistere
918 1805 1012 1870 terri.

235 1907 311 1972 Non
326 1910 433 1994 ignara
447 1907 532 1988 mali,
546 1909 670 1972 miseris
684 1927 867 1970 succurrere
881 1906 981 1972 disco.
1207 1915 1268 1970 630

283 2010 335 2073 Sic
350 2022 517 2089 memorat3
539 2007 629 2072 simul
646 2007 764 2072 mean
780 2012 811 2072 in
826 2011 913 2096 regia
928 2008 1015 2073 ducit

236 2111 349 2191 Tecta,
363 2111 453 2176 simul
468 2111 576 2176 divim
591 2109 713 2196 templis
728 2109 839 2175 indicit
853 2111 1013 2176 honorem.

237 2213 309 2278 Nec
323 2211 423 2278 minius
437 2217 557 2278 interea
572 2215 665 2276 sociis
681 2211 722 2276 ad
737 2211 841 2274 littora
856 2215 947 2275 mittit

237 2315 362 2402 Viginti
377 2331 494 2395 tauros,
507 2335 686 2401 magnorum
701 2315 861 2377 horrentia
875 2326 998 2376 centum

235 2419 347 2504 Terga
363 2437 463 2494 suum,
476 2418 601 2502 pingues
615 2424 738 2481 centum
753 2435 824 2480 cum
839 2416 989 2482 matribus
1004 2437 1115 2504 agn0s3
1204 2423 1265 2480 03⁵
1305 2429 1307 2436 ’

235 2521 377 2586 hlunera
392 2516 586 2606 letitiamque
599 2520 656 2585 dii.

281 2627 324 2688 At
338 2623 449 2688 domus
463 2627 591 2689 interior
605 2625 704 2712 regali
720 2625 884 2711 splendida
899 2627 973 2693 luxu
1066 2675 1071 2683 .

239 2727 413 2806 luuntur,
427 2725 600 2813 mediisque
615 2743 726 2813 param
740 2734 885 2795 convivia
900 2736 1006 2796 tectis:

237 2833 318 2894 Arte
333 2829 481 2895 laboratae
495 2844 609 2910 vestes,
623 2845 769 2918 osuoque
784 2835 938 2919 superh03
1364 2899 1366 2906 ,

237 2931 352 3018 ingens
368 2945 527 3018 argentum
542 2936 666 3012 mensis,
681 2931 855 3019 celataque
870 2938 901 2998 in
918 2955 994 2998 auro
1208 2940 1271 2995 640

240 3033 349 3098 Fortia
363 3035 445 3098 lacta
458 3047 592 3119 patrum,
606 3038 704 3099 series
719 3035 897 3122 longissima
912 3059 1025 3118 rerum,

241 3135 305 3200 Per
319 3149 362 3199 tot
376 3135 471 3200 ducta
484 3139 571 3200 viros
586 3138 712 3222 antiqui
728 3139 769 3202 ab
784 3141 904 3224 origine
918 3141 1030 3226 gentis.

283 3229 396 3304 Encas
410 3237 525 3324 (neque
541 3243 624 3303 enim
638 3244 757 3324 patrius
772 3245 942 3306 consistere
956 3253 1090 3305 mentem

240 3340 353 3405 Passus
368 3344 469 3423 amor)
483 3340 627 3426 rapidum
643 3341 685 3406 ad
699 3365 795 3408 navas
809 3347 966 3428 praemittit
982 3343 1134 3422 Achaten,

237 3446 378 3508 Ascanio
392 3445 472 3508 ferat
487 3444 565 3523 hoec,
581 3449 743 3530 ipsumque
759 3445 799 3511 ad
814 3450 929 3511 moenia
944 3444 1048 3508 ducat.
1208 3445 1271 3512 ‘ild

237 3543 349 3608 Omnis
364 3549 395 3608 in
411 3549 548 3610 Ascanio
562 3549 631 3611 cari
646 3559 706 3610 stat
720 3569 796 3612 cura
809 3549 959 3634 parentis.

237 3647 374 3712 Munera
386 3661 552 3734 preterea,
568 3647 672 3714 lliacis
687 3663 795 3734 erepta
810 3653 917 3729 ruinis,

236 3749 340 3814 Ferre
350 3751 457 3836 jubet3
479 3749 593 3835 pallam
608 3755 704 3838 signis
719 3773 858 3838 auroque
873 3756 1034 3838 rigentem,

235 3851 279 3916 Et
295 3853 533 3916 circumtextum
548 3873 662 3916 croceo
677 3852 820 3918 velamen
836 3852 980 3930 acantho,

230 3953 377 4019 Ornatus
391 3955 515 4038 Argiva
531 3953 672 4034 Helenae,
688 3977 764 4041 quos
780 3955 834 4018 illa
851 3956 1007 4039 Mycenis,
1207 3961 1270 4020 650

234 4055 393 4140 Pergama
409 4074 503 4138 quum
517 4067 638 4138 peteret
652 4059 911 4139 inconcessosque
928 4055 1130 4140 Hymenaeus,

128 4153 143 4229 ζ
229 4157 419 4236 Extu*erat,
434 4157 542 4220 matris
557 4155 651 4222 Lede
665 4155 810 4222 mirabile
826 4153 958 4222 donum:

547 4261 585 4318 16
