2978 5124
697 477 817 562 umen
839 501 890 562 rx.

284 653 439 744 Corpora,
453 659 658 742 captivosque
672 653 771 736 dabit,
785 676 903 742 suaque
917 653 1060 722 omnibus
1075 675 1180 720 arma:

286 762 415 847 Insuper
430 762 489 840 his,
504 755 609 846 campi
623 759 705 844 quod
722 760 892 851 rexhahet
906 759 972 844 ipse
987 759 1129 824 Latinus.

284 859 334 926 Te
349 862 434 943 vero,
446 884 517 927 mea
532 883 624 948 quem
639 862 745 948 spatiis
759 861 959 948 propioribus
974 875 1047 926 etas
1260 863 1322 924 ato

287 966 472 1050 Insequitur,
487 964 664 1030 venerande
679 986 768 1051 puer,
778 965 844 1050 jam
860 977 988 1048 pectore
1003 976 1068 1030 toto

286 1069 428 1153 Accipio,
442 1079 474 1130 et
487 1068 631 1132 comitem
646 1087 738 1132 casus
753 1063 944 1151 complector
958 1069 991 1134 in
1005 1085 1127 1129 omnes:

287 1167 379 1233 Nulla
396 1161 472 1232 meis
487 1169 553 1232 sine
569 1181 598 1232 te
614 1181 771 1254 quaeretur
784 1166 884 1254 gloria
899 1166 1013 1248 rebus;

286 1273 348 1336 Seu
362 1293 483 1358 pacem,
498 1293 552 1336 seu
569 1269 653 1337 bella
667 1291 784 1356 geram,
800 1269 857 1335 tibi
870 1271 1006 1334 maxima
1020 1291 1124 1335 rerum

286 1377 528 1463 verborumque
543 1375 632 1442 fides.
676 1375 796 1442 Contra
811 1397 903 1462 quem
918 1362 994 1442 talia
1009 1379 1091 1442 latur
1259 1383 1322 1442 280

246 1513 252 1526 ·
287 1479 463 1567 Euryalus:
488 1480 542 1544 Me
555 1478 641 1546 nulla
655 1478 722 1544 dies
738 1493 801 1544 tam
816 1480 949 1548 sortibus
964 1481 1046 1546 ausis

286 1582 478 1649 Dissimilem
493 1586 650 1670 arguerit,
672 1596 807 1648 tantum:
831 1584 954 1648 fortuna
968 1582 1105 1650 secunda

286 1689 347 1752 Aut
362 1687 494 1752 adversa
509 1686 613 1752 cadat.
659 1685 723 1750 Sed
737 1698 767 1750 te
782 1689 994 1770 superomnia
1008 1685 1091 1751 dona

286 1790 391 1858 Unum
404 1813 480 1858 oro:
502 1793 655 1878 genetrix,
671 1790 787 1854 Priami
801 1786 842 1854 de
856 1803 948 1876 gente
964 1789 1094 1870 vetuste,

285 1896 343 1961 Est
356 1896 442 1976 mihi,
459 1917 553 1982 quam
567 1895 712 1960 miseram
728 1894 823 1958 tenuit
837 1915 898 1958 nou
914 1891 971 1958 llio
985 1893 1074 1959 tellus
1260 1902 1320 1960 285

287 1999 413 2066 Mecum
427 1999 643 2080 excedentem,
659 2020 719 2063 non
734 2000 849 2062 moenia
863 1998 944 2083 regis
959 1999 1094 2064 Acestae.

287 2103 382 2168 Haric
398 2127 456 2191 ego
470 2125 550 2170 nunc
566 2104 705 2190 ignaram
719 2101 812 2188 hujus
824 2100 1041 2188 quodcumque
1056 2103 1166 2188 pericli
1181 2115 1236 2184 est,

287 2206 383 2290 Inque
398 2206 562 2272 salutatam
577 2205 700 2290 linquo:
723 2225 786 2268 nox
800 2216 832 2268 et
846 2217 899 2268 tua
910 2207 997 2270 testis

287 2307 429 2373 Dextera
444 2307 529 2394 quod
540 2329 693 2394 nequeam
708 2307 867 2393 lacrymas
879 2309 1022 2394 perferre
1037 2310 1184 2394 parentis.

286 2415 330 2477 At
342 2425 385 2492 tu,
399 2434 465 2492 oro,
478 2410 580 2477 solare
596 2414 730 2496 inopem,
745 2423 776 2474 et
790 2429 938 2474 succurre
955 2409 1086 2476 relicte.
1258 2418 1321 2477 290

288 2515 383 2580 Hanc
398 2515 463 2579 sine
478 2535 526 2578 me
541 2535 629 2600 spem
643 2513 726 2576 ferre
742 2514 805 2592 tui;
827 2511 991 2577 audentior
1005 2513 1059 2578 ibo

288 2616 323 2680 ln
337 2637 428 2682 casus
443 2637 561 2681 omnes.
607 2613 758 2680 Percussi
774 2627 875 2680 mente
890 2611 1043 2680 dederunt

288 2719 480 2785 Dardanidae
495 2715 674 2806 lacrymas3
695 2730 767 2782 ante
782 2739 888 2784 omncs
902 2717 1035 2804 pulcher
1050 2715 1152 2800 liilus3

288 2823 391 2908 Atque
403 2821 538 2888 animum
553 2822 664 2907 patriae
678 2819 802 2884 strinxit
815 2819 939 2905 pietatis
954 2819 1067 2906 imago.

288 2923 372 2989 Tum
387 2927 431 2990 sic
446 2924 576 2990 effatum

289 3023 436 3112 Spondeo
455 3024 549 3114 digna
564 3029 623 3092 tuis
638 3025 813 3112 ingentibus
827 3025 930 3092 omnia
944 3032 1066 3114 coeptis.

288 3129 432 3215 Namque
448 3132 506 3196 erit
520 3133 580 3196 ista
594 3129 670 3194 mihi
684 3133 835 3216 genetrix,
849 3152 1023 3216 nomenque
1038 3133 1167 3212 Creiisae

290 3232 397 3298 Solum
411 3232 564 3312 deluerit;
585 3255 644 3298 nec
659 3247 781 3319 partum
794 3237 895 3320 gratia
910 3234 1005 3300 talem

289 3337 393 3402 Parra
407 3351 521 3417 manet,
535 3357 627 3402 casus
641 3337 756 3402 lactum
771 3337 956 3423 quicumque
970 3353 1149 3424 sequentur.

291 3441 354 3504 Per
367 3453 462 3526 caput
477 3439 537 3506 hoc
547 3441 630 3526 juro,
643 3461 701 3526 per
715 3440 797 3526 quod
813 3455 904 3528 pater
919 3442 991 3506 anth
1005 3439 1148 3524 solebat3
1261 3449 1323 3510 800

288 3543 370 3626 Quae
385 3545 443 3608 tibi
458 3543 609 3630 polliceor
623 3543 733 3610 reduci
747 3545 905 3630 rebusque
920 3543 1074 3626 secundis,

290 3649 374 3714 Haec
390 3646 501 3712 eadem
514 3650 669 3732 matrique
684 3661 744 3712 tuae
759 3649 926 3734 generique
941 3647 1119 3712 manebunt.

290 3752 344 3816 Sic
359 3754 404 3816 ait
418 3749 640 3837 illacrymans:
663 3748 793 3816 humero
808 3748 899 3816 simul
914 3751 1000 3814 exuit
1014 3771 1120 3816 ensem

290 3853 454 3932 Auratum,
468 3850 547 3918 mira
562 3871 654 3936 quem
668 3852 787 3918 fecerat
802 3864 869 3916 arte
884 3850 1017 3935 Lycaon

288 3957 437 4034 Gnosius,
452 3969 546 4042 atque
560 3953 697 4021 habilem
712 3951 825 4040 vagina
840 3951 962 4038 aptarat
976 3951 1106 4022 eburna.
1263 3964 1324 4024 30⁶

288 4058 356 4124 Dat
372 4057 449 4124 Niso
464 4059 645 4124 Mnestheus
660 4057 775 4146 pellem
790 4054 1010 4142 horrentisque
1022 4056 1121 4130 leonis

291 4159 451 4236 Exuvias:
474 4160 596 4246 galeam
611 4159 691 4226 lidus
704 4170 861 4247 permutat
874 4157 993 4230 Aletes.

591 4269 630 4328 38
