2914 5130
196 457 249 514 ne
524 511 539 532 ,
637 452 825 516 uncinos

236 613 355 683 Tantos
369 613 423 678 illa
438 637 493 679 suo
507 615 671 700 rumpebat
685 627 811 700 pectore
826 625 960 698 questus.

280 715 394 779 AEneas
409 714 493 780 celsd
508 717 540 779 in
554 719 661 802 puppi,
671 717 738 802 jam
753 729 855 780 certus
870 713 972 794 eundi,

238 817 400 903 Carpebat
414 840 547 898 somnos,
561 819 655 883 rebus
665 819 731 904 jam
745 819 805 883 rite
819 821 948 903 paratis.

238 919 324 984 Huic
340 943 372 984 se
388 922 488 986 lorma
502 921 554 985 dei
570 922 654 986 vultu
669 921 826 986 redeuntis
841 922 951 988 eodem

237 1021 357 1086 Obtulit
372 1027 403 1088 in
418 1023 540 1104 somnis,
555 1045 722 1110 rursusque
737 1029 781 1089 ita
795 1025 863 1090 visa
878 1049 1005 1093 monere
1020 1042 1083 1109 est,

237 1125 525 1242 OmniNMercurio
540 1127 658 1210 similis,
673 1149 855 1214 vocemque,
868 1129 1077 1218 coloremque,

238 1229 279 1314 Et
293 1233 397 1294 crines
411 1229 517 1310 flavos,
532 1244 562 1294 et
576 1232 717 1296 membra
731 1231 847 1296 decora
857 1233 1003 1318 juventa:

238 1331 319 1395 Nate
335 1331 405 1411 dea,
418 1323 510 1418 potos
522 1333 581 1398 boc
597 1333 655 1396 sub
669 1355 744 1399 casu
758 1332 873 1398 ducere
889 1340 1032 1399 somnos?

207 1419 213 1430 ⁵
238 1435 305 1500 Nec
322 1458 390 1520 quae
406 1449 436 1500 te
451 1437 569 1501 circum
583 1449 663 1501 stent
677 1436 789 1502 deinde
804 1436 946 1524 pericula
960 1441 1085 1502 cernis?

172 1562 180 1588 ν
238 1535 395 1601 Demens!
417 1559 475 1602 nec
491 1537 660 1626 Zephyros
675 1539 764 1604 audis
778 1543 898 1626 spirare
913 1538 1087 1604 secundos?

238 1637 297 1704 llla
311 1637 399 1703 dolos
413 1637 575 1724 dirumque
590 1643 677 1704 nefas
692 1643 724 1705 in
738 1654 866 1726 pectore
881 1653 995 1720 versat,

238 1740 335 1806 Certa
350 1742 437 1822 mori,
451 1742 600 1827 varioque
615 1745 733 1808 irarum
748 1743 875 1808 fluctuat
887 1757 974 1808 aestu.

239 1844 310 1908 Non
324 1845 404 1930 sugis
419 1843 492 1908 hinc
506 1866 658 1930 praeceps,
673 1844 746 1908 dum
760 1846 958 1931 praecipitare
973 1849 1129 1931 potestas?
1208 1849 1271 1908 565

239 1945 311 2008 Jam
326 1966 411 2008 mare
426 1945 545 2010 turbari
562 1945 714 2024 trabibus,
729 1965 886 2030 saevasque
901 1945 1024 2010 videbis

240 2047 405 2112 Collucere
420 2049 515 2128 iaces,
525 2049 592 2134 jam
607 2049 728 2112 iervere
744 2047 848 2113 littora
862 2049 1005 2128 flammis,

240 2151 273 2214 Si
289 2163 319 2214 te
334 2149 382 2215 his
396 2151 530 2238 attigerit
546 2152 637 2214 terris
652 2151 777 2214 Aurora
791 2164 973 2216 morantem.

241 2251 302 2316 Eia
317 2275 384 2340 age,
399 2274 508 2338 rumpe
523 2273 643 2316 moras:
665 2251 787 2316 varium
802 2265 832 2316 et
847 2253 996 2318 mutabile
1011 2273 1134 2338 semper

242 2355 394 2420 Foemina.
439 2357 490 2418 Sic
506 2356 595 2434 latus,
610 2355 692 2418 nocti
707 2377 740 2418 se
755 2355 920 2420 immiscuit
935 2371 1022 2422 atrae.
1212 2358 1277 2416 570

284 2457 366 2521 Tum
381 2456 457 2521 vero
473 2455 596 2536 AEneaS,
612 2455 721 2520 subitis
737 2459 903 2521 exterritus
918 2457 1046 2537 umbris,

244 2560 382 2644 Corripit
396 2582 413 2624 e
429 2582 535 2624 somno
549 2579 673 2644 corpus,
687 2563 852 2645 sociosque
867 2562 991 2647 fatigat:

244 2662 422 2747 Pracipites
437 2663 573 2748 vigilate,
588 2663 656 2742 viri,
671 2674 703 2726 et
715 2663 869 2727 considite
884 2665 1041 2744 transtris;

245 2764 361 2830 Solvite
376 2764 446 2830 vela
462 2765 526 2830 citi.
570 2764 669 2845 Deus,
683 2766 799 2830 albere
815 2769 925 2830 missus
940 2765 981 2830 ab
996 2763 1069 2843 alto,

249 2869 410 2934 Festinare
426 2869 529 2956 lugam
544 2881 703 2954 tortosque
718 2867 856 2932 incidere
870 2870 958 2933 funes
1213 2872 1278 2932 575

140 3053 146 3068 Ι
246 2973 330 3036 Ecce
346 2973 455 3036 iterum
470 2971 616 3036 stimulat.
661 2972 825 3056 Sequimur
840 2985 881 3050 tc,
896 2983 1001 3036 sancte
1016 2969 1154 3051 deorum,

245 3075 393 3160 Quisquis
408 3096 452 3152 es,
466 3077 659 3160 imperioque
674 3076 785 3138 iterum
800 3095 945 3159 paremus
959 3088 1098 3140 ovantes.

248 3175 342 3242 Adsis
357 3200 386 3256 o,
400 3175 603 3264 placidusque
613 3179 715 3264 juves,
730 3188 761 3240 et
775 3174 878 3242 sidera
893 3175 974 3240 coelo

248 3279 370 3345 Dextra
385 3280 478 3344 ieras.
522 3279 630 3344 Dixit:
653 3279 827 3366 vaginaque
842 3279 933 3364 eripit
947 3301 1052 3342 ensem

250 3381 451 3464 Fulmineum,
466 3386 634 3468 strictoque
650 3383 722 3446 ferit
735 3380 907 3447 retinacula
922 3383 1015 3445 ferro.
1213 3385 1281 3444 580

251 3485 336 3549 ldem
350 3507 457 3551 omnes
471 3484 561 3549 simul
576 3483 670 3550 ardor
684 3483 797 3550 habet:
820 3487 1015 3570 rapiuntque,
1030 3496 1198 3570 ruuntque:

248 3587 369 3654 Littora
384 3587 569 3652 deseruere:
592 3586 666 3650 latet
681 3587 739 3652 sub
753 3587 905 3651 classibus
920 3608 1043 3670 aequor:

250 3690 367 3757 Adnixi
381 3703 524 3776 torquent
539 3711 674 3775 spumas,
688 3703 719 3753 et
733 3687 849 3772 carrula
863 3701 1001 3752 verrunt.

293 3791 333 3856 Et
343 3793 409 3876 jam
423 3795 525 3878 prima
540 3814 619 3856 novo
634 3792 801 3878 spargebat
815 3789 930 3853 lumine
946 3803 1044 3854 terras

253 3891 379 3956 Tithoni
393 3915 539 3958 croceum
554 3893 694 3978 linquens
710 3897 833 3956 Aurora
848 3889 967 3955 cubile:
1217 3899 1285 3958 585

252 3993 375 4079 Regina
390 4017 407 4057 e
422 3995 557 4080 speculis
571 4009 603 4058 ut
618 3992 750 4080 primdm
765 3991 926 4058 albescere
942 3991 1043 4058 lucem

255 4095 356 4174 Vidit,
370 4109 401 4160 et
415 4102 545 4182 aquatis
560 4097 692 4164 classem
710 4095 882 4184 procedere
897 4096 985 4178 velis,
1138 4156 1150 4185 ,
