2838 5122
592 511 705 574 etune
726 513 773 572 tv.

202 669 308 752 Atque
324 666 465 751 Ephyre,
481 675 574 749 atque
589 665 679 750 Opis,
694 679 724 728 et
740 667 813 729 Asia
830 664 971 752 Deiopea
985 691 995 748 3

204 771 253 836 Et
267 773 388 836 tandem
404 771 511 856 positis
522 771 612 834 velox
627 771 779 834 Arethusa
795 772 920 856 sagittis.

205 877 294 943 luter
308 899 381 963 quas
397 897 503 942 curam
521 873 672 959 Clymene
687 877 828 940 narrabat
841 877 963 942 inanem

207 981 349 1061 Vulcani,
365 983 534 1066 Martisque
550 982 636 1045 dolos
651 995 683 1044 et
698 982 799 1046 dulcia
814 981 902 1062 furta,

210 1091 301 1174 Aque
316 1092 394 1154 chao
411 1091 523 1153 densos
538 1086 641 1151 diutim
657 1086 836 1151 numerabat
851 1107 980 1152 amores.

209 1193 356 1259 Carmine
373 1216 432 1279 quo
448 1207 545 1279 capte
561 1193 633 1256 dum
650 1193 723 1256 susis
738 1192 840 1256 mollia
855 1215 951 1277 pensa

208 1299 395 1377 Devoleuut,
412 1301 519 1362 iterum
536 1303 688 1362 maternas
699 1298 818 1382 impulit
833 1318 922 1362 aures

207 1404 329 1469 Luctus
344 1405 473 1482 Aristaei,
488 1404 652 1488 vitreisque
669 1404 815 1468 sedilibus
829 1425 937 1468 omnes

208 1509 428 1594 Obstupuere:
450 1509 505 1572 sed
522 1521 592 1572 aute
607 1508 681 1572 alias
696 1509 848 1574 Arethusa
864 1529 985 1575 sereres

209 1617 417 1704 Prospiciens,
433 1619 553 1683 summe
567 1619 678 1683 flavum
695 1634 786 1706 caput
802 1621 911 1684 extulit
926 1618 1018 1684 unda.

208 1724 254 1790 Et
268 1726 396 1809 procul:
419 1725 450 1788 0
465 1727 578 1809 gemitu
595 1745 655 1788 non
670 1723 778 1788 frustra
794 1727 939 1790 exterrita
954 1737 1048 1799 tauto,

208 1827 335 1916 Cyrene
351 1851 446 1908 soror,
463 1830 528 1915 ipse
544 1830 608 1907 tibi,
620 1843 676 1893 tua
692 1831 826 1895 maxima
842 1853 926 1910 cura,

206 1935 322 2000 Tristis
336 1921 482 1998 Aristeus
497 1933 595 1998 Penei
611 1934 755 2018 genitoris
770 1937 809 2000 ad
826 1934 938 2000 undam

209 2039 280 2104 Stat
294 2042 476 2123 lacrymans,
493 2055 524 2102 et
539 2054 569 2102 te
585 2040 743 2104 crudelem
758 2043 884 2104 nemine
894 2041 977 2104 dicit.
1034 2099 1038 2108 ,

1115 873 1236 940 '345

1170 1407 1236 1470 850

1171 1935 1235 1994 855

207 2145 294 2210 Huic
308 2166 454 2232 percussa
469 2143 550 2209 nova
564 2157 697 2210 mentem
713 2146 875 2210 formidine
891 2161 999 2226 mater,
1113 2134 1145 2147 ⁶*
1179 2131 1183 2140 ¹

208 2247 283 2314 Duc
298 2269 369 2334 age,
385 2251 446 2314 duc
462 2250 502 2312 ad
517 2269 583 2327 nos,
599 2248 645 2312 sas
660 2247 702 2311 itli
717 2250 821 2314 limina
836 2247 940 2314 divum

206 2355 366 2438 Tangere,
382 2354 434 2418 ait.
459 2351 557 2417 Simul
573 2353 630 2416 cita
642 2353 732 2440 jubet
747 2353 906 2420 discedere
922 2353 981 2418 late

204 2457 364 2536 Flumina,
380 2457 441 2544 quit
450 2459 573 2545 juvenis
588 2479 709 2541 gressus
724 2456 847 2524 inferret
862 2481 870 2522 =
894 2471 924 2524 at
939 2457 1022 2522 illum

207 2564 390 2631 Curvatain
406 2559 516 2630 montis
531 2563 643 2629 seciam
658 2568 857 2630 circumstetit
870 2567 963 2644 unda,

206 2674 401 2759 decepitque
416 2673 482 2736 sinu
498 2685 594 2748 vasto,
611 2672 751 2756 misitque
767 2671 823 2734 sub
839 2693 973 2736 amnem.

207 2777 343 2863 Jamque
358 2779 483 2842 domum
498 2779 612 2841 mirans
625 2777 797 2861 genetricis,
814 2791 845 2840 et
860 2777 988 2840 humida
999 2797 1102 2861 regna,

209 2885 434 2972 Speluneieque
450 2885 535 2948 lacus
550 2884 680 2960 clausos,
696 2882 843 2968 lucosque
860 2897 1009 2960 sonantes,

206 2988 300 3072 thar,
324 3005 364 3068 et,
380 2991 492 3075 ingenti
507 3003 590 3054 mutu
607 2987 795 3073 stupefactus
807 3007 964 3072 aquarum,
990 3008 993 3017 ·
1044 3037 1049 3044 .

209 3097 325 3162 Omnia
339 3098 395 3162 sub
410 3095 522 3181 magud
536 3097 666 3160 labentia
681 3094 806 3160 flumina
821 3093 903 3160 terrai

210 3203 381 3289 Spectabat
395 3203 514 3267 diverse
529 3202 615 3280 locis,
632 3200 829 3286 Phasimque,
845 3200 1037 3289 Lycumque,

210 3309 257 3374 Et
271 3323 364 3397 caput
378 3309 459 3372 unde
476 3309 553 3373 altus
568 3306 698 3393 primum
713 3330 747 3372 se
764 3307 895 3392 erumpit
911 3305 1058 3391 Enipeus,

208 3415 304 3481 Unde
321 3429 407 3500 peter
422 3413 599 3493 'liberinue
616 3415 743 3506 etunde
759 3415 878 3478 Aniena
894 3409 1015 3490 fluenta,

206 3523 424 3607 Saxesnmque
441 3541 551 3586 sonans
568 3519 718 3606 Hypanis,
735 3519 904 3606 Mysusque
921 3515 1045 3596 Caicus,

209 3625 255 3690 Et
270 3627 390 3711 gemina
405 3641 528 3691 auratus
542 3625 660 3694 taurino
675 3647 788 3691 cornua
803 3627 887 3690 vultu

211 3729 377 3812 Eridanus,
394 3755 455 3819 quo
469 3755 529 3798 een
546 3733 621 3798 alius
636 3753 691 3819 per
706 3733 828 3818 pinguia
840 3730 922 3794 culta

210 3842 248 3906 ln
265 3863 348 3906 mare
363 3865 550 3929 purpureum
565 3844 723 3908 violentior
739 3842 835 3905 effluit
850 3823 971 3904 amnis*

210 3947 380 4033 Postquam
397 3963 443 4013 est
458 3951 489 4012 in
504 3949 628 4013 thalami
643 3947 808 4030 pendentia
823 3945 946 4030 pumice
961 3957 1039 4010 tecta

207 4053 409 4133 Perventum,
425 4069 456 4119 et
468 4057 532 4120 nati
547 4055 637 4120 fletus
651 4054 793 4137 cognovit
807 4053 911 4115 inanes

206 4161 348 4246 Cyrene,
365 4161 505 4226 manibus
520 4161 653 4246 liquidos
667 4159 740 4222 dant
755 4157 862 4222 ordine
879 4155 976 4221 sontes

205 4265 384 4345 Germane,
399 4266 554 4352 tonsisque
570 4264 671 4332 serunt
685 4263 828 4328 mantelia
842 4260 940 4328 vittis:

1171 2460 1236 2522 360

1171 2987 1235 3048 365

1173 3519 1236 3579 370

1173 4055 1235 4116 375
