2992 5102
584 501 724 562 (tuone.
756 503 826 562 LIB.
848 503 896 562 111.
1231 512 1269 568 5³1

228 659 343 742 Atque
360 655 411 718 hie
425 655 594 719 undantem
609 653 690 718 helio
704 654 907 739 magnumque
923 653 1069 720 fluentem
1198 642 1200 650 ’

230 763 363 839 Nilum,
378 783 413 825 ae
427 760 527 824 navali
543 773 702 844 surgentes
717 773 776 822 rere
790 760 959 825 columnas.

231 848 370 932 neusin
385 868 474 930 urse
490 866 573 930 sse
589 865 729 942 domtus,
745 865 926 950 pulsumque
943 865 1110 949 Niphaten,
1225 867 1268 926 so

234 970 469 1060 Fidentemque
486 969 560 1053 urge
574 969 721 1050 Parthum
736 971 892 1054 versisque
908 970 1034 1054 sagittis,

236 1076 289 1142 Et
304 1077 364 1140 duo
378 1092 465 1161 rapta
479 1096 571 1138 manu
588 1073 708 1136 diverso
723 1094 765 1137 ea
780 1074 867 1138 hoste
882 1075 1026 1159 trophea,
1093 1057 1097 1067 ¹

237 1179 361 1264 Bisque
375 1180 577 1264 triumphatos
591 1193 718 1261 utroque
735 1179 774 1242 ab
789 1177 888 1242 littore
903 1193 1019 1262 gentes.

238 1283 374 1350 Stabunt
388 1299 421 1350 et
434 1284 520 1349 Parii
535 1284 660 1369 lapides,
676 1284 819 1368 spirantia
833 1285 930 1368 signa,

236 1389 386 1454 Assaraci
402 1391 514 1476 proles,
530 1390 731 1472 demisseque
748 1389 786 1452 ab
801 1387 879 1453 Jove
895 1391 992 1474 gentis
1223 1393 1265 1459 3⁵

237 1491 386 1570 Nomine,
401 1492 544 1578 Trosque
560 1514 682 1579 parens,
697 1507 730 1557 et
743 1491 846 1578 Troje
862 1490 1013 1578 Cynthius
1028 1505 1142 1558 auctor.

237 1595 361 1662 Invidia
375 1597 476 1663 infelix
492 1598 603 1663 Furias
619 1618 802 1683 amnemque
819 1618 960 1662 severum

238 1699 362 1784 Cocyti
374 1716 494 1778 metuet,
508 1715 665 1786 tonosque
681 1700 794 1766 Ixionis
809 1723 923 1786 angues

239 1805 473 1890 lmmsnemque
488 1820 594 1885 rotam,
611 1823 644 1871 et
658 1828 718 1872 non
734 1807 945 1892 exsuperabile
961 1827 1080 1872 sexum.
1245 1808 1290 1884 t'·'

289 1909 408 1976 lnterea
423 1911 582 1995 Dryadum
597 1912 688 1976 silvas
704 1911 857 1996 saltusque
873 1933 1035 1997 sequemur
1223 1915 1265 1974 to

237 2017 376 2080 intactos
385 2039 396 2095 3
418 2031 479 2095 tue,
492 2016 658 2094 Mesenae,
674 2017 756 2082 haud
771 2018 873 2082 mollia
883 2017 980 2102 jussa.

239 2118 294 2184 Te
310 2123 375 2185 sine
391 2123 431 2186 nil
446 2121 540 2186 sltum
552 2143 638 2186 ruens
652 2123 785 2186 inchoat.
831 2119 881 2184 En
898 2143 967 2206 age,
983 2141 1093 2206 segnes

238 2223 367 2310 Rumpe
382 2245 507 2302 moras3
528 2237 615 2288 vocat
628 2225 740 2310 ingenti
755 2225 890 2290 clamore
907 2223 1071 2302 Citheron,

235 2327 439 2414 Taygetique
454 2348 558 2404 canes,
572 2330 772 2414 domitrixque
790 2327 968 2413 Epidaurus
983 2349 1153 2414 equorum3

234 2434 281 2498 Et
295 2455 361 2497 vox
377 2453 501 2498 assensu
516 2454 671 2498 nemorum
686 2435 870 2519 ingeminata
885 2436 1025 2519 remugit.
1221 2433 1264 2495 45

236 2539 315 2604 Mox
331 2555 435 2604 tamen
451 2541 590 2605 ardentes
605 2542 748 2624 oooinger
763 2541 866 2606 dicere
883 2561 1000 2626 pugnes

237 2643 383 2722 Caesaris,
399 2658 431 2708 et
444 2665 554 2710 nomen
570 2645 712 2710 inmittet
727 2645 806 2712 serre
821 2667 877 2732 per
892 2667 987 2712 annos

235 2749 363 2815 Tithoni
378 2751 476 2836 primi
490 2765 565 2836 quot
578 2753 665 2816 abest
680 2753 718 2818 eb
728 2754 853 2838 origine·
864 2750 983 2832 Cesar.

285 2855 349 2920 Seu
366 2861 441 2942 quis,
457 2859 647 2966 qiympiaee
664 2859 788 2923 miratus
802 2859 924 2944 premis
940 2858 1057 2943 paline,
1228 2927 1231 2938 ,

233 2959 344 3026 Pesoit
359 2983 462 3047 equos,
478 2984 533 3028 seu
550 2963 617 3048 quis
633 2961 726 3028 fortes
741 2966 780 3028 ad
797 2979 893 3050 arttrs
904 2965 1065 3050 juvencos,
1220 2964 1261 3024 50

237 3065 380 3151 Corpora
395 3067 546 3154 precipue
564 3081 693 3132 manum
710 3069 802 3154 legat.
824 3067 950 3153 Optima
964 3083 1056 3132 torve

237 3171 355 3236 Fenus
369 3173 464 3251 bovis,
479 3173 530 3238 oui
545 3187 633 3258 turpe
648 3187 751 3258 eaput,
762 3175 813 3237 oui
827 3175 956 3259 plurime
970 3173 1086 3251 servis,

235 3275 282 3340 Et
296 3297 418 3340 crurum
433 3291 522 3341 tenus
537 3299 555 3342 a
570 3290 673 3342 mento
688 3276 821 3361 palearia
835 3280 992 3363 pendent3

232 3378 320 3443 Tum
335 3381 426 3466 longo
440 3382 539 3446 nuilus
553 3383 639 3448 lateri
653 3382 784 3464 modus;
804 3385 906 3448 omnis
920 3403 1041 3466 magns,

231 3485 299 3550 Pes
314 3488 429 3564 etiarn3
452 3501 483 3550 et
494 3489 625 3554 camuris
641 3489 724 3552 hirtae
740 3489 796 3554 suh
811 3490 952 3554 cornibus
968 3507 1068 3552 eures.
1217 3489 1256 3548 55

232 3589 306 3655 Nee
322 3591 394 3654 rnihi
406 3591 565 3676 displiceat
579 3594 707 3658 maculis
722 3594 843 3678 insignis
858 3609 891 3670 et
904 3593 984 3670 albo,

230 3695 299 3757 Aut
308 3693 382 3778 juga
397 3696 579 3772 detrectans,
590 3697 803 3783 interdumque
818 3721 926 3785 aspera
941 3721 1048 3778 oornn,

231 3799 281 3864 Et
296 3799 403 3865 satiem
418 3817 507 3866 tauro
521 3804 666 3888 propior;
689 3826 816 3890 queque
832 3808 927 3871 ardua
942 3820 1014 3883 tota,

228 3903 277 3968 Et
292 3907 430 3990 gradiens
444 3907 507 3970 imai
521 3910 612 3973 verrit
626 3910 751 3994 vestigia
765 3909 875 3974 caudi.

275 4011 364 4076 AEtas
379 4011 530 4078 Lucinam
540 4013 699 4100 justosque
715 4017 776 4102 pati
792 4017 966 4099 hymeneos
1211 4023 1254 4084 60

224 4115 353 4180 Desinit
367 4133 436 4182 ante
452 4121 574 4198 decem,
590 4135 658 4204 post
673 4136 800 4206 quatuor
815 4119 929 4205 incipit,
946 4141 1059 4190 annos:

223 4220 354 4285 Caetera
367 4243 426 4286 neo
441 4222 556 4290 steture
572 4225 688 4304 habilis,
704 4248 763 4292 neo
779 4225 863 4292 sortis
879 4233 992 4294 aratris.
1061 4239 1064 4246 '
