2978 5124
689 547 807 610 ninutt
826 549 877 610 tx.
1266 553 1326 610 298

286 705 433 785 Perfitrit,
448 723 486 768 ac
502 701 629 768 multam
644 702 678 767 in
690 701 794 768 medio
808 705 874 770 sine
890 705 1013 770 nomine
1027 703 1164 790 plebem,

289 805 483 892 Fadumque,
499 807 743 892 Herbesumque
758 807 850 886 subit,
865 806 1086 892 Rhoetumque,
1101 808 1305 894 Arabimque,

288 907 437 995 lgnaros;
460 907 609 972 Rhoetum
623 908 804 996 vigilantem
820 921 851 973 et
864 923 978 975 cuncta
993 908 1161 994 videntem,
1262 915 1324 972 sto

286 1011 354 1075 Sed
369 1031 513 1097 magnum
528 1023 667 1076 metuens
682 1031 716 1074 se
730 1023 800 1097 post
815 1025 939 1076 cratera
954 1013 1100 1100 tegebat3

291 1115 422 1178 Pectore
437 1114 469 1178 in
483 1113 617 1178 adverso
631 1125 728 1178 totum
743 1117 794 1178 cui
809 1118 980 1180 comminus
995 1137 1101 1182 ensem

284 1215 440 1282 condidit
454 1217 635 1303 assurgenti,
649 1229 681 1280 et
694 1214 790 1282 multa
805 1229 904 1282 morte
918 1221 1050 1304 recepit.

291 1319 486 1407 Purpuream
501 1321 595 1385 vomit
609 1319 663 1384 nte
678 1321 822 1400 animam,
837 1333 951 1386 etcum
967 1322 1115 1408 sanguine
1129 1320 1227 1386 mixta

292 1421 379 1488 Vina
393 1423 490 1488 refert
505 1425 662 1488 moriens:
686 1423 737 1488 bic
752 1425 834 1488 furto
849 1423 989 1488 fervidus
1003 1425 1106 1490 instat.
1264 1430 1328 1488 350

291 1527 427 1610 Jamque
442 1526 484 1592 ad
499 1527 640 1614 Messapi
658 1529 759 1592 socios
770 1526 929 1609 tendebat,
945 1527 1000 1594 nbi
1016 1528 1118 1615 ignem

291 1635 439 1702 Deficere
454 1649 638 1718 extremum,
653 1649 683 1702 et
697 1637 844 1723 religatos
855 1637 917 1724 ,rite
933 1635 1061 1702 videbat

288 1739 435 1826 Carpere
449 1761 579 1826 gramen
594 1762 711 1825 equos;
734 1741 871 1805 breviter
885 1762 977 1824 quum
994 1739 1068 1806 talia
1083 1741 1186 1821 Nisus,

284 1841 307 1923 “(
314 1843 414 1907 Sensit
428 1846 511 1908 enim
530 1843 626 1908 nimis
641 1843 730 1908 caede
745 1856 838 1928 atque
853 1841 999 1930 cupidine
1013 1846 1117 1928 ferri)

291 1945 498 2026 Absistemus,
513 1947 577 2026 ait3
599 1967 671 2010 nam
687 1945 740 2012 lux
755 1947 882 2011 inimica
896 1948 1095 2033 propinquat.
1268 1955 1330 2014 355

294 2047 462 2114 Poenarur'n
476 2049 661 2116 exhaustum
675 2054 751 2114 satis
766 2063 831 2130 est;
853 2053 905 2114 via
920 2051 1003 2116 sacta
1016 2073 1075 2137 per
1090 2051 1204 2117 hostes.

295 2151 398 2217 Multa
411 2153 515 2218 virium
529 2151 629 2218 solido
644 2167 774 2240 argento
793 2155 934 2240 perlecta
943 2153 1125 2240 relinquunt

293 2255 466 2336 Armaque,
481 2268 682 2338 craterasque
697 2253 798 2337 simul,
813 2255 1023 2342 pulchrosque
1039 2270 1172 2344 tapetas.

293 2353 455 2441 Euryalus
470 2355 618 2441 phaleras
635 2357 822 2422 Rhamnetis
836 2371 868 2424 et
882 2379 979 2423 aurea
993 2357 1087 2424 bullis

289 2455 453 2544 =Cingula3
475 2457 602 2524 Tiburti
618 2459 751 2526 Remulo
766 2459 934 2526 ditissimus
948 2461 1024 2527 olim
1268 2467 1336 2528 360

293 2559 376 2642 Quae
390 2559 591 2641 mittit'dona,
607 2561 743 2648 bospitio
758 2583 852 2647 quum
862 2566 1008 2650 jungeret
1022 2564 1145 2645 absens,

291 2661 467 2744 Caedicus3
489 2663 542 2729 ille
556 2685 613 2730 suo
628 2665 763 2731 moriens
777 2666 832 2731 dat
847 2666 967 2732 babere
981 2671 1106 2753 nepoti:

297 2771 373 2837 Post
386 2785 517 2838 mortem
530 2772 616 2838 bello
631 2771 740 2838 Rutuli
755 2775 919 2862 puganue
934 2779 1036 2863 potiti.
1092 2801 1098 2806 ·

297 2876 382 2941 Haec
396 2878 490 2963 rapit,
505 2889 598 2963 atque
615 2877 751 2944 humeris
767 2879 978 2964 nequidquam
993 2881 1124 2946 sortibus
1139 2892 1238 2966 aptat.

297 2979 381 3044 Tum
394 2979 519 3067 galeam
531 2983 670 3068 Messapi
687 2982 825 3048 habilem
840 2985 1004 3068 cristisque
1018 2983 1166 3053 decoram
1271 2986 1336 3047 36⁵

297 3081 413 3148 lnduit.
458 3085 625 3152 Excedunt
638 3087 760 3168 castris,
775 3099 806 3151 et
820 3099 885 3151 tuta
904 3101 1081 3174 capessunt.

344 3188 467 3254 lnterea
482 3191 632 3276 praemissi
648 3191 768 3275 equites
783 3211 824 3254 ex
838 3190 916 3254 urbe
932 3191 1056 3271 Latinei,

299 3287 430 3356 Caetera
445 3291 519 3358 dum
536 3291 617 3378 legio
631 3295 753 3380 campis
768 3293 919 3358 instructa
933 3308 1082 3374 moratur,

302 3393 406 3476 Ibant,
421 3410 451 3460 et
459 3395 573 3462 Turno
588 3397 670 3483 regis
684 3419 833 3483 responsa
848 3397 1001 3478 serebant,
1049 3425 1056 3434 ·

293 3497 503 3580 Tercentum,
514 3501 627 3564 scutati
642 3521 758 3579 omnes,
773 3499 944 3565 Volscente
959 3503 1118 3586 magistro.
1278 3503 1341 3562 370

300 3603 437 3685 Jamque
452 3603 704 3688 propinquabant
719 3605 839 3680 castris,
854 3621 1019 3686 murosque
1034 3601 1191 3683 subibant,

293 3705 406 3788 Quum
420 3703 531 3792 procul
546 3705 604 3771 hos
619 3705 699 3772 laevo
714 3707 873 3772 flectentes
889 3705 984 3771 limite
999 3719 1145 3785 cernunt3

300 3809 346 3875 Et
360 3808 450 3896 galea
465 3808 640 3895 Euryalum
655 3809 803 3876 sublustri
817 3809 915 3874 noctis
930 3809 961 3872 in
977 3806 1087 3872 umbra

302 3909 448 3976 Prodidit
459 3911 682 3994 immemorem,
695 3911 855 3993 radiisque
871 3909 1005 3976 adversa
1020 3909 1150 3976 refulsit.

300 4013 405 4078 Hand
414 4015 532 4079 temerd
541 4029 587 4080 est
596 4017 706 4095 visum,
715 4011 890 4078 conclamat
898 4013 939 4076 ab
950 4013 1072 4099 agmine
1084 4013 1257 4080 Volscens:
1281 4021 1342 4079 375

295 4119 403 4197 state,
418 4119 499 4198 viri,
521 4138 590 4202 quae
606 4139 703 4184 causa
718 4117 797 4182 vitel
819 4117 912 4200 quive
927 4120 1002 4182 estis
1017 4117 1048 4182 in
1064 4121 1180 4185 armis?

303 4215 418 4300 Qudne
434 4221 543 4288 tenetis
558 4222 637 4286 iteri
659 4219 746 4286 Nihil
761 4219 807 4286 illi
821 4217 950 4286 tendere
965 4222 1091 4302 contra3
