<?xml version="1.0" encoding="UTF-8"?>
<!DOCTYPE html PUBLIC "-//W3C//DTD XHTML 1.0 Transitional//EN"
    "http://www.w3.org/TR/xhtml1/DTD/xhtml1-transitional.dtd">
<html xmlns="http://www.w3.org/1999/xhtml" xml:lang="en" lang="en">
 <head>
  <title>
</title>
<meta http-equiv="Content-Type" content="text/html;charset=utf-8" />
  <meta name='ocr-system' content='tesseract 3.04.00' />
  <meta name='ocr-capabilities' content='ocr_page ocr_carea ocr_par ocr_line ocrx_word'/>
</head>
<body>
  <div class='ocr_page' id='page_1' title='image "./bucolicageorgic01goulgoog_0186.png"; bbox 0 0 2914 5130; ppageno 0'>
   <div class='ocr_carea' id='block_1_1' title="bbox 144 493 789 560">
    <p class='ocr_par' dir='ltr' id='par_1_1' title="bbox 144 493 789 560">
     <span class='ocr_line' id='line_1_1' title="bbox 144 493 789 560; baseline -0.006 0"><span class='ocrx_word' id='word_1_1' title='bbox 144 499 198 560; x_wconf 73' lang='lat' dir='ltr'><strong>ibi</strong></span> <span class='ocrx_word' id='word_1_2' title='bbox 601 493 789 556; x_wconf 78' lang='lat' dir='ltr'><strong>AENElDOS</strong></span> 
     </span>
    </p>
   </div>
   <div class='ocr_carea' id='block_1_2' title="bbox 130 645 1169 4234">
    <p class='ocr_par' dir='ltr' id='par_1_2' title="bbox 178 645 1019 1354">
     <span class='ocr_line' id='line_1_2' title="bbox 222 645 940 740; baseline -0.004 -22"><span class='ocrx_word' id='word_1_3' title='bbox 222 651 350 718; x_wconf 86' lang='lat' dir='ltr'><strong>Postera</strong></span> <span class='ocrx_word' id='word_1_4' title='bbox 359 645 568 740; x_wconf 86' lang='lat' dir='ltr'><strong>jamque&#39;dles</strong></span> <span class='ocrx_word' id='word_1_5' title='bbox 582 652 684 735; x_wconf 86' lang='lat' dir='ltr'><strong>primo</strong></span> <span class='ocrx_word' id='word_1_6' title='bbox 699 649 846 736; x_wconf 76' lang='lat' dir='ltr'>surgebat</span> <span class='ocrx_word' id='word_1_7' title='bbox 861 649 940 732; x_wconf 81' lang='lat' dir='ltr'><strong>Eoo,</strong></span> 
     </span>
     <span class='ocr_line' id='line_1_3' title="bbox 178 750 1019 839; baseline 0 -17"><span class='ocrx_word' id='word_1_8' title='bbox 178 755 429 839; x_wconf 85' lang='lat' dir='ltr'><strong>Humentemque</strong></span> <span class='ocrx_word' id='word_1_9' title='bbox 444 753 567 817; x_wconf 82' lang='lat' dir='ltr'><strong>Aurora</strong></span> <span class='ocrx_word' id='word_1_10' title='bbox 581 750 653 838; x_wconf 88' lang='lat' dir='ltr'><strong>polo</strong></span> <span class='ocrx_word' id='word_1_11' title='bbox 667 751 841 820; x_wconf 80' lang='lat' dir='ltr'><strong>dimoverat</strong></span> <span class='ocrx_word' id='word_1_12' title='bbox 856 753 1019 838; x_wconf 77' lang='lat' dir='ltr'><strong>umbram3</strong></span> 
     </span>
     <span class='ocr_line' id='line_1_4' title="bbox 178 853 976 949; baseline 0 -27"><span class='ocrx_word' id='word_1_13' title='bbox 178 857 282 949; x_wconf 77' lang='lat' dir='ltr'><strong>Quum</strong></span> <span class='ocrx_word' id='word_1_14' title='bbox 296 855 399 922; x_wconf 79' lang='lat' dir='ltr'><strong>subitd</strong></span> <span class='ocrx_word' id='word_1_15' title='bbox 412 877 430 920; x_wconf 83' lang='lat' dir='ltr'><strong>e</strong></span> <span class='ocrx_word' id='word_1_16' title='bbox 444 853 537 936; x_wconf 84' lang='lat' dir='ltr'><strong>silvis,</strong></span> <span class='ocrx_word' id='word_1_17' title='bbox 553 855 651 920; x_wconf 81' lang='lat' dir='ltr'><strong>macie</strong></span> <span class='ocrx_word' id='word_1_18' title='bbox 665 855 809 924; x_wconf 81' lang='lat' dir='ltr'><strong>confecta</strong></span> <span class='ocrx_word' id='word_1_19' title='bbox 823 857 976 943; x_wconf 76' lang='lat' dir='ltr'><strong>supremi,</strong></span> 
     </span>
     <span class='ocr_line' id='line_1_5' title="bbox 180 959 938 1048; baseline -0.001 -23"><span class='ocrx_word' id='word_1_20' title='bbox 180 961 277 1048; x_wconf 87' lang='lat' dir='ltr'><strong>ignoti</strong></span> <span class='ocrx_word' id='word_1_21' title='bbox 291 981 372 1025; x_wconf 87' lang='lat' dir='ltr'><strong>nova</strong></span> <span class='ocrx_word' id='word_1_22' title='bbox 387 960 488 1024; x_wconf 87' lang='lat' dir='ltr'><strong>lorma</strong></span> <span class='ocrx_word' id='word_1_23' title='bbox 501 961 573 1040; x_wconf 87' lang='lat' dir='ltr'><strong>viri,</strong></span> <span class='ocrx_word' id='word_1_24' title='bbox 588 959 829 1045; x_wconf 87' lang='lat' dir='ltr'><strong>miserandaque</strong></span> <span class='ocrx_word' id='word_1_25' title='bbox 842 959 938 1042; x_wconf 85' lang='lat' dir='ltr'><strong>cultu,</strong></span> 
     </span>
     <span class='ocr_line' id='line_1_6' title="bbox 181 1060 963 1147; baseline 0 -20"><span class='ocrx_word' id='word_1_26' title='bbox 181 1060 334 1141; x_wconf 85' lang='lat' dir='ltr'><strong>Procedit,</strong></span> <span class='ocrx_word' id='word_1_27' title='bbox 349 1061 543 1147; x_wconf 81' lang='lat' dir='ltr'><strong>supplexque</strong></span> <span class='ocrx_word' id='word_1_28' title='bbox 558 1081 665 1126; x_wconf 87' lang='lat' dir='ltr'><strong>manus</strong></span> <span class='ocrx_word' id='word_1_29' title='bbox 679 1060 719 1126; x_wconf 90' lang='lat' dir='ltr'><strong>ad</strong></span> <span class='ocrx_word' id='word_1_30' title='bbox 735 1060 840 1129; x_wconf 81' lang='lat' dir='ltr'><strong>littora</strong></span> <span class='ocrx_word' id='word_1_31' title='bbox 852 1061 963 1128; x_wconf 84' lang='lat' dir='ltr'><strong>tendit.</strong></span> 
     </span>
     <span class='ocr_line' id='line_1_7' title="bbox 181 1161 968 1252; baseline 0.003 -24"><span class='ocrx_word' id='word_1_32' title='bbox 181 1163 394 1252; x_wconf 84' lang='lat' dir='ltr'><strong>Respicimua:</strong></span> <span class='ocrx_word' id='word_1_33' title='bbox 417 1161 486 1228; x_wconf 90' lang='lat' dir='ltr'><strong>dira</strong></span> <span class='ocrx_word' id='word_1_34' title='bbox 500 1161 629 1242; x_wconf 80' lang='lat' dir='ltr'>illuvies,</span> <span class='ocrx_word' id='word_1_35' title='bbox 644 1162 842 1250; x_wconf 88' lang='lat' dir='ltr'><strong>immissaque</strong></span> <span class='ocrx_word' id='word_1_36' title='bbox 856 1165 968 1246; x_wconf 86' lang='lat' dir='ltr'><strong>barba,</strong></span> 
     </span>
     <span class='ocr_line' id='line_1_8' title="bbox 180 1267 968 1354; baseline 0.001 -22"><span class='ocrx_word' id='word_1_37' title='bbox 180 1267 365 1334; x_wconf 87' lang='lat' dir='ltr'><strong>Consertum</strong></span> <span class='ocrx_word' id='word_1_38' title='bbox 380 1280 521 1354; x_wconf 87' lang='lat' dir='ltr'><strong>tegumen</strong></span> <span class='ocrx_word' id='word_1_39' title='bbox 535 1267 648 1352; x_wconf 83' lang='lat' dir='ltr'><strong>spinis3</strong></span> <span class='ocrx_word' id='word_1_40' title='bbox 670 1279 701 1331; x_wconf 89' lang='lat' dir='ltr'><strong>at</strong></span> <span class='ocrx_word' id='word_1_41' title='bbox 715 1281 831 1333; x_wconf 77' lang='lat' dir='ltr'><strong>catera</strong></span> <span class='ocrx_word' id='word_1_42' title='bbox 844 1269 968 1351; x_wconf 76' lang='lat' dir='ltr'><strong>Graios,</strong></span> 
     </span>
    </p>

    <p class='ocr_par' dir='ltr' id='par_1_3' title="bbox 181 1367 1011 1457">
     <span class='ocr_line' id='line_1_9' title="bbox 181 1367 1011 1457; baseline 0.001 -21"><span class='ocrx_word' id='word_1_43' title='bbox 181 1367 226 1436; x_wconf 92' lang='lat' dir='ltr'><strong>Ut</strong></span> <span class='ocrx_word' id='word_1_44' title='bbox 240 1371 395 1456; x_wconf 89' lang='lat' dir='ltr'><strong>quondam</strong></span> <span class='ocrx_word' id='word_1_45' title='bbox 410 1371 520 1456; x_wconf 87' lang='lat' dir='ltr'><strong>patriis</strong></span> <span class='ocrx_word' id='word_1_46' title='bbox 533 1368 574 1433; x_wconf 85' lang='lat' dir='ltr'><strong>ad</strong></span> <span class='ocrx_word' id='word_1_47' title='bbox 589 1369 719 1457; x_wconf 85' lang='lat' dir='ltr'><strong>Trojam</strong></span> <span class='ocrx_word' id='word_1_48' title='bbox 734 1375 845 1438; x_wconf 86' lang='lat' dir='ltr'><strong>missus</strong></span> <span class='ocrx_word' id='word_1_49' title='bbox 860 1373 891 1438; x_wconf 90' lang='lat' dir='ltr'><strong>in</strong></span> <span class='ocrx_word' id='word_1_50' title='bbox 906 1373 1011 1438; x_wconf 87' lang='lat' dir='ltr'><strong>armis.</strong></span> 
     </span>
    </p>

    <p class='ocr_par' dir='ltr' id='par_1_4' title="bbox 180 1471 917 1559">
     <span class='ocr_line' id='line_1_10' title="bbox 180 1471 917 1559; baseline 0.001 -22"><span class='ocrx_word' id='word_1_51' title='bbox 180 1473 271 1559; x_wconf 89' lang='lat' dir='ltr'><strong>lsque</strong></span> <span class='ocrx_word' id='word_1_52' title='bbox 286 1474 340 1538; x_wconf 90' lang='lat' dir='ltr'><strong>ubi</strong></span> <span class='ocrx_word' id='word_1_53' title='bbox 353 1472 531 1538; x_wconf 86' lang='lat' dir='ltr'><strong>Dardanios</strong></span> <span class='ocrx_word' id='word_1_54' title='bbox 545 1471 669 1537; x_wconf 87' lang='lat' dir='ltr'><strong>babitus</strong></span> <span class='ocrx_word' id='word_1_55' title='bbox 684 1487 715 1537; x_wconf 85' lang='lat' dir='ltr'><strong>et</strong></span> <span class='ocrx_word' id='word_1_56' title='bbox 730 1473 828 1538; x_wconf 85' lang='lat' dir='ltr'><strong>Troia</strong></span> <span class='ocrx_word' id='word_1_57' title='bbox 838 1472 917 1540; x_wconf 86' lang='lat' dir='ltr'><strong>vidit</strong></span> 
     </span>
    </p>

    <p class='ocr_par' dir='ltr' id='par_1_5' title="bbox 180 1571 1029 1661">
     <span class='ocr_line' id='line_1_11' title="bbox 180 1571 1029 1661; baseline 0 -21"><span class='ocrx_word' id='word_1_58' title='bbox 180 1575 277 1640; x_wconf 67' lang='lat' dir='ltr'><strong>muna</strong></span> <span class='ocrx_word' id='word_1_59' title='bbox 290 1575 409 1661; x_wconf 86' lang='lat' dir='ltr'><strong>procul,</strong></span> <span class='ocrx_word' id='word_1_60' title='bbox 422 1571 549 1660; x_wconf 78' lang='lat' dir='ltr'><strong>paullum</strong></span> <span class='ocrx_word' id='word_1_61' title='bbox 563 1571 713 1659; x_wconf 80' lang='lat' dir='ltr'><strong>adspectu</strong></span> <span class='ocrx_word' id='word_1_62' title='bbox 728 1577 914 1640; x_wconf 76' lang='lat' dir='ltr'>conterritus</span> <span class='ocrx_word' id='word_1_63' title='bbox 929 1575 1029 1656; x_wconf 72' lang='lat' dir='ltr'><strong>hesit,</strong></span> 
     </span>
    </p>

    <p class='ocr_par' dir='ltr' id='par_1_6' title="bbox 180 1675 1169 1771">
     <span class='ocr_line' id='line_1_12' title="bbox 180 1675 1169 1771; baseline 0 -28"><span class='ocrx_word' id='word_1_64' title='bbox 180 1677 400 1763; x_wconf 81' lang='lat' dir='ltr'><strong>Continuitque</strong></span> <span class='ocrx_word' id='word_1_65' title='bbox 414 1675 565 1764; x_wconf 82' lang='lat' dir='ltr'><strong>gradum;</strong></span> <span class='ocrx_word' id='word_1_66' title='bbox 587 1695 660 1740; x_wconf 90' lang='lat' dir='ltr'><strong>mox</strong></span> <span class='ocrx_word' id='word_1_67' title='bbox 675 1695 743 1740; x_wconf 84' lang='lat' dir='ltr'><strong>sese</strong></span> <span class='ocrx_word' id='word_1_68' title='bbox 759 1676 799 1741; x_wconf 91' lang='lat' dir='ltr'><strong>ad</strong></span> <span class='ocrx_word' id='word_1_69' title='bbox 815 1677 919 1743; x_wconf 81' lang='lat' dir='ltr'><strong>littora</strong></span> <span class='ocrx_word' id='word_1_70' title='bbox 933 1697 1076 1764; x_wconf 76' lang='lat' dir='ltr'><strong>praeceps</strong></span> <span class='ocrx_word' id='word_1_71' title='bbox 1166 1762 1169 1771; x_wconf 33' lang='grc' dir='ltr'>Ι</span> 
     </span>
    </p>

    <p class='ocr_par' dir='ltr' id='par_1_7' title="bbox 179 1779 990 1868">
     <span class='ocr_line' id='line_1_13' title="bbox 179 1779 990 1868; baseline 0.001 -22"><span class='ocrx_word' id='word_1_72' title='bbox 179 1779 259 1846; x_wconf 88' lang='lat' dir='ltr'><strong>Cum</strong></span> <span class='ocrx_word' id='word_1_73' title='bbox 274 1781 346 1846; x_wconf 86' lang='lat' dir='ltr'><strong>tletu</strong></span> <span class='ocrx_word' id='word_1_74' title='bbox 360 1781 568 1868; x_wconf 81' lang='lat' dir='ltr'><strong>precibusque</strong></span> <span class='ocrx_word' id='word_1_75' title='bbox 582 1779 667 1844; x_wconf 80' lang='lat' dir='ltr'><strong>tulitr</strong></span> <span class='ocrx_word' id='word_1_76' title='bbox 691 1779 869 1846; x_wconf 79' lang='lat' dir='ltr'><strong>Persidem</strong></span> <span class='ocrx_word' id='word_1_77' title='bbox 884 1793 990 1863; x_wconf 87' lang='lat' dir='ltr'><strong>testor,</strong></span> 
     </span>
    </p>

    <p class='ocr_par' dir='ltr' id='par_1_8' title="bbox 180 1879 953 1970">
     <span class='ocr_line' id='line_1_14' title="bbox 180 1879 953 1970; baseline 0.003 -22"><span class='ocrx_word' id='word_1_78' title='bbox 180 1879 240 1949; x_wconf 83' lang='lat' dir='ltr'><strong>Per</strong></span> <span class='ocrx_word' id='word_1_79' title='bbox 254 1905 391 1970; x_wconf 87' lang='lat' dir='ltr'><strong>superos,</strong></span> <span class='ocrx_word' id='word_1_80' title='bbox 405 1895 499 1968; x_wconf 89' lang='lat' dir='ltr'><strong>atque</strong></span> <span class='ocrx_word' id='word_1_81' title='bbox 514 1883 574 1948; x_wconf 85' lang='lat' dir='ltr'><strong>boc</strong></span> <span class='ocrx_word' id='word_1_82' title='bbox 588 1881 661 1947; x_wconf 77' lang='lat' dir='ltr'><strong>coeli</strong></span> <span class='ocrx_word' id='word_1_83' title='bbox 676 1883 825 1968; x_wconf 83' lang='lat' dir='ltr'><strong>spirabile</strong></span> <span class='ocrx_word' id='word_1_84' title='bbox 840 1884 953 1966; x_wconf 89' lang='lat' dir='ltr'><strong>lumen,</strong></span> 
     </span>
    </p>

    <p class='ocr_par' dir='ltr' id='par_1_9' title="bbox 179 1985 1042 2072">
     <span class='ocr_line' id='line_1_15' title="bbox 179 1985 1042 2072; baseline 0.003 -21"><span class='ocrx_word' id='word_1_85' title='bbox 179 1986 295 2052; x_wconf 82' lang='lat' dir='ltr'><strong>Tollite</strong></span> <span class='ocrx_word' id='word_1_86' title='bbox 309 2009 369 2068; x_wconf 83' lang='lat' dir='ltr'><strong>me,</strong></span> <span class='ocrx_word' id='word_1_87' title='bbox 383 1987 518 2068; x_wconf 78' lang='lat' dir='ltr'><strong>Teucri3</strong></span> <span class='ocrx_word' id='word_1_88' title='bbox 543 2002 755 2072; x_wconf 88' lang='lat' dir='ltr'><strong>quascumque</strong></span> <span class='ocrx_word' id='word_1_89' title='bbox 769 1985 917 2052; x_wconf 87' lang='lat' dir='ltr'><strong>abducite</strong></span> <span class='ocrx_word' id='word_1_90' title='bbox 932 1999 1042 2069; x_wconf 82' lang='lat' dir='ltr'><strong>terras,</strong></span> 
     </span>
    </p>

    <p class='ocr_par' dir='ltr' id='par_1_10' title="bbox 180 2089 1034 2173">
     <span class='ocr_line' id='line_1_16' title="bbox 180 2089 1034 2173; baseline 0.001 -17"><span class='ocrx_word' id='word_1_91' title='bbox 180 2089 255 2156; x_wconf 87' lang='lat' dir='ltr'><strong>Hoc</strong></span> <span class='ocrx_word' id='word_1_92' title='bbox 269 2102 318 2156; x_wconf 86' lang='lat' dir='ltr'><strong>sat</strong></span> <span class='ocrx_word' id='word_1_93' title='bbox 331 2091 400 2156; x_wconf 88' lang='lat' dir='ltr'><strong>erit.</strong></span> <span class='ocrx_word' id='word_1_94' title='bbox 444 2090 516 2155; x_wconf 78' lang='lat' dir='ltr'><strong>Scio</strong></span> <span class='ocrx_word' id='word_1_95' title='bbox 531 2111 580 2155; x_wconf 88' lang='lat' dir='ltr'><strong>me</strong></span> <span class='ocrx_word' id='word_1_96' title='bbox 594 2089 715 2154; x_wconf 82' lang='lat' dir='ltr'><strong>Danais</strong></span> <span class='ocrx_word' id='word_1_97' title='bbox 727 2111 748 2153; x_wconf 85' lang='lat' dir='ltr'><strong>e</strong></span> <span class='ocrx_word' id='word_1_98' title='bbox 760 2089 916 2156; x_wconf 84' lang='lat' dir='ltr'><strong>classibus</strong></span> <span class='ocrx_word' id='word_1_99' title='bbox 930 2113 1034 2173; x_wconf 89' lang='lat' dir='ltr'><strong>unum,</strong></span> 
     </span>
    </p>

    <p class='ocr_par' dir='ltr' id='par_1_11' title="bbox 179 2191 855 2278">
     <span class='ocr_line' id='line_1_17' title="bbox 179 2191 855 2278; baseline 0 -20"><span class='ocrx_word' id='word_1_100' title='bbox 179 2191 220 2258; x_wconf 87' lang='lat' dir='ltr'><strong>Et</strong></span> <span class='ocrx_word' id='word_1_101' title='bbox 234 2192 317 2259; x_wconf 89' lang='lat' dir='ltr'><strong>bello</strong></span> <span class='ocrx_word' id='word_1_102' title='bbox 332 2192 443 2258; x_wconf 86' lang='lat' dir='ltr'><strong>Iliacos</strong></span> <span class='ocrx_word' id='word_1_103' title='bbox 457 2193 559 2259; x_wconf 78' lang='lat' dir='ltr'><strong>fateor</strong></span> <span class='ocrx_word' id='word_1_104' title='bbox 572 2192 697 2278; x_wconf 84' lang='lat' dir='ltr'><strong>petiisse</strong></span> <span class='ocrx_word' id='word_1_105' title='bbox 713 2191 855 2258; x_wconf 81' lang='lat' dir='ltr'><strong>Penates.</strong></span> 
     </span>
    </p>

    <p class='ocr_par' dir='ltr' id='par_1_12' title="bbox 179 2293 915 2381">
     <span class='ocr_line' id='line_1_18' title="bbox 179 2293 915 2381; baseline 0 -22"><span class='ocrx_word' id='word_1_106' title='bbox 179 2293 240 2359; x_wconf 89' lang='lat' dir='ltr'><strong>Pro</strong></span> <span class='ocrx_word' id='word_1_107' title='bbox 255 2316 326 2380; x_wconf 90' lang='lat' dir='ltr'><strong>quo,</strong></span> <span class='ocrx_word' id='word_1_108' title='bbox 339 2297 366 2360; x_wconf 85' lang='lat' dir='ltr'><strong>si</strong></span> <span class='ocrx_word' id='word_1_109' title='bbox 381 2294 507 2361; x_wconf 83' lang='lat' dir='ltr'><strong>sceleris</strong></span> <span class='ocrx_word' id='word_1_110' title='bbox 521 2305 607 2360; x_wconf 88' lang='lat' dir='ltr'><strong>tanta</strong></span> <span class='ocrx_word' id='word_1_111' title='bbox 621 2305 668 2360; x_wconf 87' lang='lat' dir='ltr'><strong>est</strong></span> <span class='ocrx_word' id='word_1_112' title='bbox 682 2295 797 2381; x_wconf 89' lang='lat' dir='ltr'><strong>injuria</strong></span> <span class='ocrx_word' id='word_1_113' title='bbox 810 2295 915 2375; x_wconf 77' lang='lat' dir='ltr'><strong>nostri,</strong></span> 
     </span>
    </p>

    <p class='ocr_par' dir='ltr' id='par_1_13' title="bbox 178 2397 1039 2485">
     <span class='ocr_line' id='line_1_19' title="bbox 178 2397 1039 2485; baseline -0.001 -21"><span class='ocrx_word' id='word_1_114' title='bbox 178 2397 320 2484; x_wconf 85' lang='lat' dir='ltr'><strong>Spargite</strong></span> <span class='ocrx_word' id='word_1_115' title='bbox 335 2419 384 2463; x_wconf 90' lang='lat' dir='ltr'><strong>me</strong></span> <span class='ocrx_word' id='word_1_116' title='bbox 398 2402 431 2464; x_wconf 90' lang='lat' dir='ltr'><strong>in</strong></span> <span class='ocrx_word' id='word_1_117' title='bbox 445 2397 566 2479; x_wconf 88' lang='lat' dir='ltr'><strong>fluctus,</strong></span> <span class='ocrx_word' id='word_1_118' title='bbox 580 2403 731 2483; x_wconf 80' lang='lat' dir='ltr'><strong>vastoque</strong></span> <span class='ocrx_word' id='word_1_119' title='bbox 745 2400 919 2485; x_wconf 81' lang='lat' dir='ltr'><strong>immergite</strong></span> <span class='ocrx_word' id='word_1_120' title='bbox 932 2409 1039 2484; x_wconf 89' lang='lat' dir='ltr'><strong>ponto.</strong></span> 
     </span>
    </p>

    <p class='ocr_par' dir='ltr' id='par_1_14' title="bbox 179 2500 945 2590">
     <span class='ocr_line' id='line_1_20' title="bbox 179 2500 945 2590; baseline 0.001 -25"><span class='ocrx_word' id='word_1_121' title='bbox 179 2503 212 2566; x_wconf 93' lang='lat' dir='ltr'><strong>Si</strong></span> <span class='ocrx_word' id='word_1_122' title='bbox 227 2523 331 2587; x_wconf 87' lang='lat' dir='ltr'><strong>pereo,</strong></span> <span class='ocrx_word' id='word_1_123' title='bbox 345 2500 503 2567; x_wconf 87' lang='lat' dir='ltr'><strong>hominum</strong></span> <span class='ocrx_word' id='word_1_124' title='bbox 518 2500 658 2566; x_wconf 88' lang='lat' dir='ltr'><strong>manibus</strong></span> <span class='ocrx_word' id='word_1_125' title='bbox 673 2501 802 2586; x_wconf 87' lang='lat' dir='ltr'><strong>periisse</strong></span> <span class='ocrx_word' id='word_1_126' title='bbox 812 2501 945 2590; x_wconf 76' lang='lat' dir='ltr'><strong>juvabit</strong></span> 
     </span>
    </p>

    <p class='ocr_par' dir='ltr' id='par_1_15' title="bbox 179 2603 1070 2691">
     <span class='ocr_line' id='line_1_21' title="bbox 179 2603 1070 2691; baseline 0.002 -23"><span class='ocrx_word' id='word_1_127' title='bbox 179 2603 335 2684; x_wconf 81' lang='lat' dir='ltr'><strong>Dixerat3</strong></span> <span class='ocrx_word' id='word_1_128' title='bbox 356 2617 397 2685; x_wconf 85' lang='lat' dir='ltr'><strong>et,</strong></span> <span class='ocrx_word' id='word_1_129' title='bbox 411 2625 511 2691; x_wconf 86' lang='lat' dir='ltr'><strong>genua</strong></span> <span class='ocrx_word' id='word_1_130' title='bbox 526 2603 698 2689; x_wconf 84' lang='lat' dir='ltr'><strong>amplexus,</strong></span> <span class='ocrx_word' id='word_1_131' title='bbox 711 2605 905 2691; x_wconf 84' lang='lat' dir='ltr'><strong>genibusque</strong></span> <span class='ocrx_word' id='word_1_132' title='bbox 919 2603 1070 2686; x_wconf 83' lang='lat' dir='ltr'><strong>volutans,</strong></span> 
     </span>
    </p>

    <p class='ocr_par' dir='ltr' id='par_1_16' title="bbox 178 2706 963 2793">
     <span class='ocr_line' id='line_1_22' title="bbox 178 2706 963 2793; baseline -0.003 -19"><span class='ocrx_word' id='word_1_133' title='bbox 178 2707 343 2774; x_wconf 75' lang='lat' dir='ltr'><strong>Haerebat.</strong></span> <span class='ocrx_word' id='word_1_134' title='bbox 387 2706 449 2788; x_wconf 81' lang='lat' dir='ltr'><strong>Qui</strong></span> <span class='ocrx_word' id='word_1_135' title='bbox 463 2709 511 2787; x_wconf 79' lang='lat' dir='ltr'><strong>sit,</strong></span> <span class='ocrx_word' id='word_1_136' title='bbox 526 2706 596 2787; x_wconf 79' lang='lat' dir='ltr'><strong>lari,</strong></span> <span class='ocrx_word' id='word_1_137' title='bbox 610 2723 672 2792; x_wconf 88' lang='lat' dir='ltr'><strong>quo</strong></span> <span class='ocrx_word' id='word_1_138' title='bbox 686 2708 835 2793; x_wconf 85' lang='lat' dir='ltr'><strong>sanguine</strong></span> <span class='ocrx_word' id='word_1_139' title='bbox 849 2721 963 2788; x_wconf 85' lang='lat' dir='ltr'><strong>cretus,</strong></span> 
     </span>
    </p>

    <p class='ocr_par' dir='ltr' id='par_1_17' title="bbox 179 2807 966 2896">
     <span class='ocr_line' id='line_1_23' title="bbox 179 2807 966 2896; baseline 0.001 -20"><span class='ocrx_word' id='word_1_140' title='bbox 179 2809 371 2892; x_wconf 78' lang='lat' dir='ltr'><strong>Hortamur3</strong></span> <span class='ocrx_word' id='word_1_141' title='bbox 393 2829 462 2895; x_wconf 73' lang='lat' dir='ltr'><strong>quae</strong></span> <span class='ocrx_word' id='word_1_142' title='bbox 477 2807 592 2874; x_wconf 88' lang='lat' dir='ltr'><strong>deinde</strong></span> <span class='ocrx_word' id='word_1_143' title='bbox 607 2809 702 2896; x_wconf 85' lang='lat' dir='ltr'><strong>agitet</strong></span> <span class='ocrx_word' id='word_1_144' title='bbox 716 2811 850 2892; x_wconf 82' lang='lat' dir='ltr'><strong>fortuna,</strong></span> <span class='ocrx_word' id='word_1_145' title='bbox 864 2811 966 2876; x_wconf 80' lang='lat' dir='ltr'><strong>fateri.</strong></span> 
     </span>
    </p>

    <p class='ocr_par' dir='ltr' id='par_1_18' title="bbox 130 2911 1083 3104">
     <span class='ocr_line' id='line_1_24' title="bbox 179 2911 1059 3006; baseline 0.005 -30"><span class='ocrx_word' id='word_1_146' title='bbox 179 2913 250 3000; x_wconf 86' lang='lat' dir='ltr'><strong>ipse</strong></span> <span class='ocrx_word' id='word_1_147' title='bbox 263 2924 353 2999; x_wconf 89' lang='lat' dir='ltr'><strong>pater</strong></span> <span class='ocrx_word' id='word_1_148' title='bbox 366 2911 511 2977; x_wconf 82' lang='lat' dir='ltr'><strong>dextram</strong></span> <span class='ocrx_word' id='word_1_149' title='bbox 524 2911 688 3006; x_wconf 81' lang='lat' dir='ltr'><strong>Anchises,</strong></span> <span class='ocrx_word' id='word_1_150' title='bbox 703 2911 788 2978; x_wconf 88' lang='lat' dir='ltr'><strong>houd</strong></span> <span class='ocrx_word' id='word_1_151' title='bbox 803 2912 899 2978; x_wconf 88' lang='lat' dir='ltr'><strong>multa</strong></span> <span class='ocrx_word' id='word_1_152' title='bbox 914 2927 1059 2995; x_wconf 86' lang='lat' dir='ltr'><strong>moratus,</strong></span> 
     </span>
     <span class='ocr_line' id='line_1_25' title="bbox 130 3015 1083 3104; baseline -0.001 -23"><span class='ocrx_word' id='word_1_153' title='bbox 130 3031 140 3056; x_wconf 69' lang='lat'>⁸</span> <span class='ocrx_word' id='word_1_154' title='bbox 178 3015 244 3082; x_wconf 93' lang='lat' dir='ltr'><strong>Dat</strong></span> <span class='ocrx_word' id='word_1_155' title='bbox 253 3017 381 3104; x_wconf 82' lang='lat' dir='ltr'><strong>juveni3</strong></span> <span class='ocrx_word' id='word_1_156' title='bbox 406 3027 500 3100; x_wconf 91' lang='lat' dir='ltr'><strong>atque</strong></span> <span class='ocrx_word' id='word_1_157' title='bbox 514 3018 650 3080; x_wconf 86' lang='lat' dir='ltr'><strong>animum</strong></span> <span class='ocrx_word' id='word_1_158' title='bbox 664 3019 811 3102; x_wconf 72' lang='lat' dir='ltr'><strong>prasenti</strong></span> <span class='ocrx_word' id='word_1_159' title='bbox 825 3019 956 3103; x_wconf 83' lang='lat' dir='ltr'><strong>pignore</strong></span> <span class='ocrx_word' id='word_1_160' title='bbox 968 3017 1083 3082; x_wconf 63' lang='lat' dir='ltr'><strong>fimat.</strong></span> 
     </span>
    </p>

    <p class='ocr_par' dir='ltr' id='par_1_19' title="bbox 179 3116 929 3203">
     <span class='ocr_line' id='line_1_26' title="bbox 179 3116 929 3203; baseline -0.005 -20"><span class='ocrx_word' id='word_1_161' title='bbox 179 3117 235 3184; x_wconf 91' lang='lat' dir='ltr'><strong>llle</strong></span> <span class='ocrx_word' id='word_1_162' title='bbox 251 3117 328 3199; x_wconf 76' lang='lat' dir='ltr'><strong>hac,</strong></span> <span class='ocrx_word' id='word_1_163' title='bbox 342 3116 484 3203; x_wconf 74' lang='lat' dir='ltr'><strong>depositi</strong></span> <span class='ocrx_word' id='word_1_164' title='bbox 498 3116 624 3184; x_wconf 85' lang='lat' dir='ltr'><strong>tandem</strong></span> <span class='ocrx_word' id='word_1_165' title='bbox 638 3116 814 3197; x_wconf 81' lang='lat' dir='ltr'><strong>tormidine,</strong></span> <span class='ocrx_word' id='word_1_166' title='bbox 828 3119 929 3184; x_wconf 84' lang='lat' dir='ltr'><strong>latur:</strong></span> 
     </span>
    </p>

    <p class='ocr_par' dir='ltr' id='par_1_20' title="bbox 179 3216 1069 4022">
     <span class='ocr_line' id='line_1_27' title="bbox 222 3216 1017 3307; baseline 0.003 -23"><span class='ocrx_word' id='word_1_167' title='bbox 222 3221 296 3285; x_wconf 90' lang='lat' dir='ltr'><strong>Sum</strong></span> <span class='ocrx_word' id='word_1_168' title='bbox 311 3217 411 3304; x_wconf 71' lang='lat' dir='ltr'><strong>patrib</strong></span> <span class='ocrx_word' id='word_1_169' title='bbox 426 3239 466 3282; x_wconf 83' lang='lat' dir='ltr'><strong>ex</strong></span> <span class='ocrx_word' id='word_1_170' title='bbox 482 3216 598 3300; x_wconf 54' lang='lat' dir='ltr'><strong>lthaed</strong></span> <span class='ocrx_word' id='word_1_171' title='bbox 612 3239 717 3284; x_wconf 89' lang='lat' dir='ltr'><strong>comes</strong></span> <span class='ocrx_word' id='word_1_172' title='bbox 728 3218 863 3284; x_wconf 72' lang='lat' dir='ltr'><strong>infelicis</strong></span> <span class='ocrx_word' id='word_1_173' title='bbox 876 3219 908 3283; x_wconf 87' lang='lat' dir='ltr'>U</span> <span class='ocrx_word' id='word_1_174' title='bbox 911 3220 1017 3307; x_wconf 67' lang='lat' dir='ltr'><strong>lynci,</strong></span> 
     </span>
     <span class='ocr_line' id='line_1_28' title="bbox 179 3319 1039 3408; baseline 0 -20"><span class='ocrx_word' id='word_1_175' title='bbox 179 3323 300 3388; x_wconf 84' lang='lat' dir='ltr'><strong>Nomen</strong></span> <span class='ocrx_word' id='word_1_176' title='bbox 316 3319 555 3401; x_wconf 65' lang='lat' dir='ltr'><strong>Achaemenides,</strong></span> <span class='ocrx_word' id='word_1_177' title='bbox 569 3321 698 3408; x_wconf 86' lang='lat' dir='ltr'><strong>Trojam</strong></span> <span class='ocrx_word' id='word_1_178' title='bbox 712 3325 851 3407; x_wconf 88' lang='lat' dir='ltr'><strong>genitore</strong></span> <span class='ocrx_word' id='word_1_179' title='bbox 867 3321 1039 3388; x_wconf 78' lang='lat' dir='ltr'><strong>Adamasto</strong></span> 
     </span>
     <span class='ocr_line' id='line_1_29' title="bbox 181 3423 1069 3512; baseline -0.003 -21"><span class='ocrx_word' id='word_1_180' title='bbox 181 3425 321 3512; x_wconf 88' lang='lat' dir='ltr'><strong>Paupere</strong></span> <span class='ocrx_word' id='word_1_181' title='bbox 335 3423 578 3508; x_wconf 86' lang='lat' dir='ltr'><strong>(mansissetque</strong></span> <span class='ocrx_word' id='word_1_182' title='bbox 591 3424 709 3490; x_wconf 88' lang='lat' dir='ltr'><strong>utinam</strong></span> <span class='ocrx_word' id='word_1_183' title='bbox 724 3423 886 3506; x_wconf 79' lang='lat' dir='ltr'><strong>fortunat)</strong></span> <span class='ocrx_word' id='word_1_184' title='bbox 901 3427 1069 3509; x_wconf 80' lang='lat' dir='ltr'><strong>proiectus.</strong></span> 
     </span>
     <span class='ocr_line' id='line_1_30' title="bbox 180 3526 1005 3615; baseline 0.001 -20"><span class='ocrx_word' id='word_1_185' title='bbox 180 3529 246 3595; x_wconf 86' lang='lat' dir='ltr'><strong>Hic</strong></span> <span class='ocrx_word' id='word_1_186' title='bbox 261 3550 321 3609; x_wconf 80' lang='lat' dir='ltr'><strong>me,</strong></span> <span class='ocrx_word' id='word_1_187' title='bbox 334 3526 409 3592; x_wconf 90' lang='lat' dir='ltr'><strong>dum</strong></span> <span class='ocrx_word' id='word_1_188' title='bbox 423 3527 537 3615; x_wconf 85' lang='lat' dir='ltr'><strong>trepidi</strong></span> <span class='ocrx_word' id='word_1_189' title='bbox 550 3527 691 3593; x_wconf 86' lang='lat' dir='ltr'><strong>crudelia</strong></span> <span class='ocrx_word' id='word_1_190' title='bbox 705 3527 810 3594; x_wconf 89' lang='lat' dir='ltr'><strong>limina</strong></span> <span class='ocrx_word' id='word_1_191' title='bbox 824 3527 976 3612; x_wconf 83' lang='lat' dir='ltr'><strong>linquunt,</strong></span> <span class='ocrx_word' id='word_1_192' title='bbox 985 3530 1005 3570; x_wconf 53' lang='lat'><strong><em>⁹</em></strong></span> 
     </span>
     <span class='ocr_line' id='line_1_31' title="bbox 180 3631 892 3716; baseline -0.001 -19"><span class='ocrx_word' id='word_1_193' title='bbox 180 3635 378 3698; x_wconf 89' lang='lat' dir='ltr'><strong>Immemores</strong></span> <span class='ocrx_word' id='word_1_194' title='bbox 391 3633 470 3696; x_wconf 88' lang='lat' dir='ltr'><strong>socii</strong></span> <span class='ocrx_word' id='word_1_195' title='bbox 485 3645 573 3698; x_wconf 85' lang='lat' dir='ltr'><strong>vasto</strong></span> <span class='ocrx_word' id='word_1_196' title='bbox 586 3631 740 3716; x_wconf 85' lang='lat' dir='ltr'><strong>Cyclopis</strong></span> <span class='ocrx_word' id='word_1_197' title='bbox 755 3633 787 3696; x_wconf 91' lang='lat' dir='ltr'><strong>in</strong></span> <span class='ocrx_word' id='word_1_198' title='bbox 802 3643 892 3696; x_wconf 89' lang='lat' dir='ltr'><strong>antro</strong></span> 
     </span>
     <span class='ocr_line' id='line_1_32' title="bbox 179 3733 983 3818; baseline -0.005 -16"><span class='ocrx_word' id='word_1_199' title='bbox 179 3736 367 3802; x_wconf 73' lang='lat' dir='ltr'><strong>Deseruire.</strong></span> <span class='ocrx_word' id='word_1_200' title='bbox 404 3736 522 3801; x_wconf 88' lang='lat' dir='ltr'><strong>Domus</strong></span> <span class='ocrx_word' id='word_1_201' title='bbox 536 3733 623 3798; x_wconf 85' lang='lat' dir='ltr'><strong>sanie</strong></span> <span class='ocrx_word' id='word_1_202' title='bbox 637 3733 833 3818; x_wconf 86' lang='lat' dir='ltr'><strong>dapibusque</strong></span> <span class='ocrx_word' id='word_1_203' title='bbox 848 3736 983 3800; x_wconf 89' lang='lat' dir='ltr'><strong>cruentis</strong></span> 
     </span>
     <span class='ocr_line' id='line_1_33' title="bbox 180 3833 1010 3926; baseline -0.004 -24"><span class='ocrx_word' id='word_1_204' title='bbox 180 3839 264 3902; x_wconf 88' lang='lat' dir='ltr'><strong>intus</strong></span> <span class='ocrx_word' id='word_1_205' title='bbox 276 3859 387 3924; x_wconf 84' lang='lat' dir='ltr'><strong>opaca,</strong></span> <span class='ocrx_word' id='word_1_206' title='bbox 401 3842 525 3926; x_wconf 82' lang='lat' dir='ltr'><strong>ingens:</strong></span> <span class='ocrx_word' id='word_1_207' title='bbox 548 3835 614 3921; x_wconf 91' lang='lat' dir='ltr'><strong>ipse</strong></span> <span class='ocrx_word' id='word_1_208' title='bbox 629 3833 753 3914; x_wconf 77' lang='lat' dir='ltr'><strong>ardum,</strong></span> <span class='ocrx_word' id='word_1_209' title='bbox 768 3833 893 3919; x_wconf 88' lang='lat' dir='ltr'><strong>altaque</strong></span> <span class='ocrx_word' id='word_1_210' title='bbox 908 3833 1010 3920; x_wconf 87' lang='lat' dir='ltr'><strong>pulsat</strong></span> 
     </span>
     <span class='ocr_line' id='line_1_34' title="bbox 182 3936 938 4022; baseline -0.007 -18"><span class='ocrx_word' id='word_1_211' title='bbox 182 3936 311 4004; x_wconf 86' lang='lat' dir='ltr'><strong>Sidera:</strong></span> <span class='ocrx_word' id='word_1_212' title='bbox 333 3939 407 4020; x_wconf 84' lang='lat' dir='ltr'><strong>(Di,</strong></span> <span class='ocrx_word' id='word_1_213' title='bbox 421 3941 515 4005; x_wconf 88' lang='lat' dir='ltr'><strong>talem</strong></span> <span class='ocrx_word' id='word_1_214' title='bbox 529 3938 619 4004; x_wconf 79' lang='lat' dir='ltr'><strong>ternis</strong></span> <span class='ocrx_word' id='word_1_215' title='bbox 634 3939 765 4002; x_wconf 82' lang='lat' dir='ltr'><strong>avertite</strong></span> <span class='ocrx_word' id='word_1_216' title='bbox 779 3949 898 4022; x_wconf 86' lang='lat' dir='ltr'><strong>pestem</strong></span> <span class='ocrx_word' id='word_1_217' title='bbox 911 3938 938 4019; x_wconf 87' lang='lat' dir='ltr'><strong>l)</strong></span> 
     </span>
    </p>

    <p class='ocr_par' dir='ltr' id='par_1_21' title="bbox 181 4035 1014 4234">
     <span class='ocr_line' id='line_1_35' title="bbox 181 4035 854 4122; baseline -0.003 -16"><span class='ocrx_word' id='word_1_218' title='bbox 181 4041 248 4106; x_wconf 88' lang='lat' dir='ltr'><strong>Nec</strong></span> <span class='ocrx_word' id='word_1_219' title='bbox 263 4044 331 4106; x_wconf 88' lang='lat' dir='ltr'><strong>visu</strong></span> <span class='ocrx_word' id='word_1_220' title='bbox 345 4042 454 4122; x_wconf 82' lang='lat' dir='ltr'><strong>facilis,</strong></span> <span class='ocrx_word' id='word_1_221' title='bbox 469 4065 527 4108; x_wconf 88' lang='lat' dir='ltr'><strong>nec</strong></span> <span class='ocrx_word' id='word_1_222' title='bbox 541 4041 626 4110; x_wconf 90' lang='lat' dir='ltr'><strong>dictu</strong></span> <span class='ocrx_word' id='word_1_223' title='bbox 641 4039 774 4107; x_wconf 82' lang='lat' dir='ltr'><strong>affabilis</strong></span> <span class='ocrx_word' id='word_1_224' title='bbox 788 4035 854 4105; x_wconf 85' lang='lat' dir='ltr'><strong>uni.</strong></span> 
     </span>
     <span class='ocr_line' id='line_1_36' title="bbox 183 4143 1014 4234; baseline 0.005 -28"><span class='ocrx_word' id='word_1_225' title='bbox 183 4143 367 4208; x_wconf 85' lang='lat' dir='ltr'><strong>Visceribus</strong></span> <span class='ocrx_word' id='word_1_226' title='bbox 382 4145 562 4211; x_wconf 71' lang='lat' dir='ltr'><strong>maerorum</strong></span> <span class='ocrx_word' id='word_1_227' title='bbox 577 4159 609 4212; x_wconf 88' lang='lat' dir='ltr'><strong>et</strong></span> <span class='ocrx_word' id='word_1_228' title='bbox 622 4148 771 4234; x_wconf 74' lang='lat' dir='ltr'><strong>sanguine</strong></span> <span class='ocrx_word' id='word_1_229' title='bbox 785 4147 921 4212; x_wconf 85' lang='lat' dir='ltr'><strong>vescitur</strong></span> <span class='ocrx_word' id='word_1_230' title='bbox 936 4158 1014 4211; x_wconf 85' lang='lat' dir='ltr'><strong>atro.</strong></span> 
     </span>
    </p>
   </div>
   <div class='ocr_carea' id='block_1_3' title="bbox 0 0 1466 5130">
    <p class='ocr_par' dir='ltr' id='par_1_22' title="bbox 0 0 1466 5130">
     <span class='ocr_line' id='line_1_37' title="bbox 0 0 1466 5130; baseline 0 0"><span class='ocrx_word' id='word_1_231' title='bbox 0 0 1466 5130; x_wconf 95' lang='lat' dir='ltr'><strong> </strong></span> 
     </span>
    </p>
   </div>
  </div>
 </body>
</html>
