2978 5124
215 469 273 527 ²72
660 465 848 530 AENEIDOS

256 625 420 710 Frenaque
434 624 510 691 bina
524 645 610 690 meus
624 645 693 710 qua
708 647 788 690 nunc
805 625 899 690 habet
914 645 1009 691 aurea
1025 623 1143 693 Pallas.

256 729 340 815 Ergo
355 742 386 793 et
400 749 493 814 quam
507 732 611 814 petitis
622 730 730 815 juncta
745 743 792 794 est
805 729 881 793 mihi
895 728 1014 794 stedere
1029 729 1160 796 dextra:

256 831 306 912 Et,
321 829 374 895 lux
390 854 483 917 quum
497 828 629 916 primitm
644 835 734 896 terris
748 853 782 896 se
796 833 932 900 crastina
947 832 1068 916 reddet,
1226 839 1288 898 170

256 935 381 1000 Auxilio
395 934 481 999 laetos
495 934 656 1014 dimittam,
671 935 844 1020 opibusque
858 934 987 1021 juvabo.

256 1037 380 1103 Interea
394 1059 483 1102 sacra
498 1038 576 1116 hec,
591 1037 716 1122 quando
728 1038 788 1102 huc
803 1040 931 1102 venistis
946 1038 1057 1118 amici,-

178 1163 182 1184 ·
257 1145 379 1221 Annum
394 1163 463 1226 quae
478 1139 605 1206 differre
620 1141 717 1221 nefas,
728 1140 887 1204 celebrate
902 1141 1043 1206 faventes

256 1241 437 1322 Nobiscum,
453 1243 561 1328 etjam
576 1263 656 1308 nunc
671 1245 825 1306 sociorum
841 1245 1009 1306 assuescite
1024 1243 1149 1308 mensis.

299 1345 381 1409 Haec
395 1347 450 1409 ubi
464 1345 558 1424 dicta,
571 1344 669 1430 dapes
679 1345 770 1430 jubet
784 1358 815 1408 et
828 1343 950 1408 sublata
965 1347 1074 1430 reponi
1224 1355 1283 1412 175

258 1448 383 1528 Pocula,
396 1451 617 1535 gramineoque
632 1449 714 1512 virm
728 1447 811 1512 locat
826 1448 892 1533 ipse
907 1445 1017 1526 sedili3

256 1550 512 1638 Praecipuumque
528 1565 595 1614 toro
609 1563 640 1614 et
654 1548 755 1614 villosi
770 1549 852 1636 pelle
868 1549 964 1614 leonis

255 1654 378 1740 Accipit
393 1653 521 1733 AEnearq
535 1653 674 1738 solioque
688 1654 796 1718 invitat
811 1675 937 1718 acerno.

255 1756 336 1821 Tum
352 1757 423 1821 lecti
434 1759 565 1844 juvenes
580 1757 722 1821 certatim
738 1777 863 1841 araque
879 1755 1028 1820 sacerdos

255 1861 390 1926 Viscera
404 1872 481 1923 tosta
496 1860 597 1923 lerunt
612 1871 780 1937 taurorum,
793 1843 985 1943 onerantque
999 1859 1143 1925 canistris
1225 1866 1285 1924 180

254 1962 347 2028 Dona
363 1961 512 2028 laborata
527 1963 662 2042 Cereris,
678 1961 901 2047 Bacchumque
917 1961 1098 2028 ministrant.

256 2065 405 2130 Vescitur
420 2064 543 2143 AEneas
558 2063 649 2128 simul
662 2079 693 2127 et
708 2063 846 2150 Trojana
856 2065 1012 2150 juventus,

256 2167 401 2253 Perpetui
416 2179 501 2252 tergo
515 2167 606 2230 bovis
621 2179 652 2229 et
666 2164 845 2230 lustralibus
860 2167 950 2230 extis.

298 2270 463 2356 Postquam
479 2281 623 2354 exempta
638 2270 745 2348 sames,
760 2281 791 2333 et
805 2290 893 2334 amor
907 2291 1102 2355 compressus
1116 2269 1242 2352 edendi,

255 2375 326 2439 Rex
342 2373 506 2440 Evaudnrs
521 2377 579 2438 ait:
604 2373 673 2438 No'n
689 2373 757 2438 haec
771 2373 921 2438 solemnia
936 2376 1036 2456 uobis,
1223 2383 1283 2440 18⁵

254 2478 324 2542 Has
339 2500 378 2542 ex
394 2498 480 2541 more
494 2476 601 2562 dapes,
616 2477 697 2541 hanc
713 2480 787 2540 tanti
802 2477 933 2542 nummis
946 2499 1043 2558 aram,

254 2578 349 2643 Vana
364 2579 541 2664 superstitio
554 2591 755 2663 veterumque
769 2581 879 2664 ignara
893 2577 1023 2643 deorum

254 2681 421 2766 imposuit:
444 2679 543 2760 araris,
558 2679 671 2766 hospes
686 2681 830 2769 'liojana
841 2681 967 2764 periclis
1003 2721 1006 2726 ·

254 2773 376 2849 Servati
390 2785 529 2863 iacimus
544 2784 730 2868 meritosque
745 2805 895 2848 novamus
910 2784 1054 2849 honores.

252 2887 324 2951 Jam
339 2883 469 2972 primirm
484 2887 569 2950 saxis
583 2909 766 2974 suspensam
779 2887 858 2954 hanc
875 2888 1005 2974 adspice
1019 2911 1150 2975 rupem5
1222 2895 1282 2954 190

252 2986 401 3074 Disjectae
416 2987 523 3074 procul
538 3001 570 3052 ut
585 2990 690 3069 moles,
704 2988 889 3074 desertaque
904 2992 1014 3055 montis

254 3091 320 3156 Stat
334 3089 453 3170 domus,
468 3103 499 3154 et
513 3091 631 3177 scopuli
645 3095 800 3178 ingentem
814 3091 940 3157 traxere
953 3094 1096 3159 ruinam·

253 3195 319 3260 Hic
335 3193 483 3280 spelunca
497 3194 564 3273 tuit,
579 3207 667 3258 vasto
682 3197 825 3260 submota
839 3217 975 3276 recessu,

252 3297 468 3364 Semihominis
484 3295 563 3360 Caci
575 3297 674 3362 facies
689 3319 783 3382 quam
797 3296 867 3362 dira
883 3299 1019 3380 tenebat,

252 3401 332 3467 Solis
347 3401 536 3465 inaccessam
551 3399 666 3481 radiis3
687 3421 872 3487 semperque
887 3403 1004 3467 recenti
1222 3411 1279 3470 195

250 3502 348 3568 Caede
363 3503 489 3588 tepebat
504 3501 633 3582 humus3
654 3502 835 3587 foribusque
850 3503 943 3568 affixa
957 3504 1101 3589 superbis

250 3607 317 3672 Ora
331 3605 431 3670 virrim
445 3606 526 3670 tristi
540 3602 718 3690 pendebant
732 3603 850 3690 pallida
864 3605 949 3670 tabo.

251 3710 338 3773 Huic
353 3721 490 3800 monstro
505 3707 665 3772 Vulcanus
679 3723 746 3772 erat
760 3721 866 3792 pater:
887 3707 971 3772 illius
985 3722 1070 3773 atros

250 3811 315 3876 Ore
329 3831 456 3874 vomens
471 3809 566 3896 ignes,
581 3807 692 3896 magnit
705 3831 739 3873 se
754 3807 834 3873 mole
848 3809 982 3874 serebat.

250 3914 360 3981 Attulit
374 3929 405 3980 et
420 3915 509 3979 nobis
525 3913 692 4000 aliquando
707 3914 885 3999 optantibus
900 3927 976 3978 astas

250 4019 410 4087 Auxilium
424 4019 651 4105 adventumque
666 4019 736 4086 dei:
760 4041 830 4084 nam
844 4024 998 4085 maximus
1013 4021 1102 4106 ultor,

249 4122 428 4209 Tergemini
441 4143 520 4188 nece
534 4123 691 4210 Geryonae
706 4121 875 4210 spoliisque
888 4124 1052 4210 superbus,
