2956 5132
161 479 225 571 trs*
593 493 781 560 nastros

198 647 365 734 decipiens
379 647 510 713 sonitum
525 649 592 714 saxi
603 647 643 715 de
658 654 776 718 vertice
790 661 908 737 pastor.

199 753 280 818 Tum
294 749 369 816 verri
383 751 544 816 manifesta
558 750 646 834 fides,
661 752 868 840 Danaquue
882 769 1044 842 patescunt

197 855 341 922 lusidiae:
359 858 427 943 jam
441 853 599 940 Deiphobi
613 853 700 920 dedit
715 857 819 943 ampla
833 859 962 940 ruinam,
1167 871 1228 930 ato

197 959 342 1024 Vulcano
356 971 531 1044 superante,
545 957 674 1037 domus3
692 960 759 1046 jam
773 961 932 1045 proximus
946 961 1039 1028 ardet

196 1060 379 1148 Ucalegon:
402 1061 493 1149 Sigea
507 1062 568 1149 igni
582 1063 661 1126 freta
677 1061 740 1127 lata
754 1062 904 1128 relucent.

196 1167 344 1232 Exoritur
357 1164 538 1250 clamorque
553 1165 652 1230 virtim
666 1166 856 1252 clangorque
872 1167 1027 1232 tubarum.

197 1273 295 1334 Arma
314 1291 421 1334 amens
435 1269 546 1354 capio:
568 1289 625 1332 nec
640 1281 688 1332 sat
702 1269 829 1332 rationis
844 1270 874 1334 in
890 1273 985 1334 armis
995 1295 1016 1349 ς.

197 1372 259 1437 Sed
273 1372 446 1460 glomerare
460 1393 583 1437 manum
599 1370 691 1452 bello,
705 1385 736 1435 et
750 1393 936 1436 concurrere
951 1373 982 1437 in
997 1395 1101 1438 arcem
1167 1385 1227 1442 315

195 1475 276 1539 Cum
291 1476 381 1539 sociis
392 1473 503 1539 ardent
518 1475 629 1540 animi:
652 1476 737 1540 iirror
748 1476 855 1560 iraque
869 1489 1004 1540 mentem

194 1578 411 1662 Praecipitant:
432 1577 658 1663 pulchrumque
672 1579 749 1643 mori
764 1579 915 1642 succurrit
929 1581 961 1642 in
978 1580 1083 1644 armis.

238 1681 323 1746 Ecce
337 1692 440 1744 autem
455 1677 522 1743 telis
538 1678 674 1744 Panthus
689 1679 813 1764 elapsus
828 1678 993 1760 Achivum,

196 1783 334 1850 Panthus
348 1781 539 1868 Othryades,
554 1783 635 1845 arcis
651 1781 824 1868 Phoebiquc
839 1781 997 1863 sacerdos,

194 1889 292 1952 Sacra
306 1908 407 1965 manu,
422 1886 581 1969 victosque
595 1883 680 1965 deos,
694 1907 887 1971 parvumque
903 1899 1055 1972 nepotem,
1166 1893 1226 1952 320

193 1990 262 2076 lpse
276 1988 380 2069 trahit,
393 2008 547 2072 cursuque
562 2009 668 2052 amens
683 1986 724 2053 ad
740 1988 844 2052 limina
858 1988 966 2052 tendit.

193 2093 263 2174 Quo
277 2112 327 2155 res
341 2111 460 2155 summa
474 2088 553 2169 loco,
569 2089 712 2154 Panthul
733 2110 827 2175 quam
841 2090 1020 2176 prendimus
1034 2094 1165 2157 arcem?

194 2195 261 2260 Vix
276 2216 314 2258 ea
329 2195 409 2259 latus
424 2215 520 2274 eram,
534 2193 648 2280 gemitu
663 2213 757 2278 quum
772 2192 847 2258 talia
861 2193 980 2258 reddit:

194 2297 291 2364 Venit
305 2319 423 2364 summa
436 2297 503 2362 dics
517 2309 548 2360 et
562 2294 760 2362 ineluctabile
775 2309 897 2382 tempus

193 2399 384 2466 Dardaniae:
406 2401 518 2464 luimus
533 2399 651 2479 Troiis3
673 2401 729 2464 fuit
744 2399 842 2480 Ilium,
857 2414 888 2465 et
902 2401 1010 2488 ingens
1165 2409 1224 2468 325

193 2502 301 2568 Gloria
315 2503 525 2566 Teucrorum:
547 2502 631 2566 ferus
645 2503 749 2567 omnia
763 2502 887 2588 Jupiter
901 2506 1001 2590 Argos

192 2605 379 2670 Transtulit:
403 2604 528 2669 incensi:
542 2603 644 2669 Danai
657 2603 853 2671 dominantur
868 2609 900 2671 in
914 2606 1006 2670 urbe.
1068 2685 1073 2695 Ι

193 2707 318 2772 Arduus
332 2719 467 2772 armatos
481 2705 593 2772 mediis
607 2707 638 2771 in
654 2709 807 2772 rnoenibus
821 2707 948 2773 adstans

194 2808 308 2874 Fundit
321 2831 438 2896 equus3
461 2809 621 2894 victorque
637 2810 732 2875 Sinon
747 2809 890 2876 incendia
904 2810 1012 2876 miscet

193 2912 363 2978 insultans:
384 2912 481 2998 portis
493 2912 548 2978 alii
562 2913 772 2998 bipatentibus
788 2912 909 2993 adsunt,
1164 2920 1224 2978 ³80

193 3015 292 3081 Millia
307 3028 381 3101 quot
395 3016 512 3102 magnis
526 3037 661 3100 unquam
676 3017 790 3082 vendre
804 3016 958 3104 Mycenis,

191 3116 357 3183 Obsedire
372 3116 425 3182 alii
438 3116 507 3182 telis
520 3131 648 3204 angusta
661 3120 781 3184 viarum

193 3223 353 3310 Oppositi:
376 3234 437 3286 stat
447 3221 521 3285 ferri
536 3222 620 3286 acics
635 3245 781 3288 mucrone
795 3245 927 3288 corusco

194 3327 318 3406 Stricta,
331 3339 442 3412 parata
455 3325 542 3390 neci:
565 3326 618 3390 vix
632 3327 723 3412 primi
737 3327 847 3414 proelia
863 3340 979 3392 tentant

194 3431 355 3496 Portarum
371 3429 488 3516 vigiles,
502 3443 534 3493 et
548 3451 633 3494 casco
648 3431 751 3496 Marte
766 3433 931 3498 resistunt:
1157 3439 1220 3496 335

236 3532 365 3597 Talibus
376 3531 551 3618 Othryadae
566 3532 656 3598 dictis
670 3547 701 3598 et
715 3539 839 3600 numine
854 3534 961 3600 divdm

193 3635 228 3700 ln
243 3633 381 3700 flammas
395 3648 426 3699 ct
440 3635 470 3699 in
486 3655 572 3700 arma
583 3637 678 3716 seror,
692 3637 755 3722 qud
769 3639 861 3702 tristis
877 3638 1023 3724 Erinnys,

191 3737 263 3817 Qud
277 3740 415 3802 fremitus
430 3751 532 3818 vocat,
548 3752 578 3803 et
592 3739 730 3804 sublatus
744 3740 786 3805 ad
799 3739 917 3806 aethera
931 3740 1061 3805 clamor.

192 3837 320 3903 Addunt
334 3863 367 3903 se
381 3843 482 3905 socios
498 3839 639 3926 Rhipeus
654 3855 685 3905 et
698 3844 852 3906 maximus
867 3841 960 3904 armis

192 3943 332 4027 Epytus3
354 3942 449 4007 oblati
462 3964 520 4028 per
534 3943 648 4024 lunam,
662 3943 882 4030 Hypanisque,
897 3940 1103 4027 Dymasque,
1161 3949 1222 4007 340

193 4047 235 4110 Et
249 4043 338 4108 lateri
350 4042 560 4129 agglomerant
570 4058 693 4125 nostro;
710 4045 893 4132 juvenisque
908 4043 1063 4109 Coroebus

195 4143 423 4232 Mygdonides:
446 4145 505 4210 illis
519 4145 561 4210 ad
575 4146 702 4233 Trojam
716 4148 794 4214 sorti
809 4145 920 4212 diebus
