2956 5132
243 468 279 525 96
633 467 920 532 ceonetcottutt

463 577 468 610 l

288 637 354 705 Sed
369 654 401 704 tu
414 641 519 705 desine
531 639 610 706 velle
623 663 633 720 3
657 641 749 706 detim
762 658 911 728 precepta
928 645 1023 708 secuti

286 745 437 810 Venimus
452 748 522 810 bine
538 747 629 831 lapsis
646 749 803 831 quesitum
819 749 941 813 oracula
958 749 1068 812 rebus·

286 850 421 915 Tantitm
438 853 556 916 effatus.
581 853 631 915 Ad
648 854 712 916 brec
728 869 814 919 vates
828 855 857 918 vi
873 855 1005 940 denique
1021 853 1117 919 multb
1249 862 1315 922 «teu

285 957 439 1020 Ardentes
455 957 560 1020 oculos
575 959 690 1020 intorsit
704 957 818 1034 lumine
835 959 954 1041 glauco,
1009 955 1012 962 ’

287 1059 340 1139 Εῑ,
352 1065 482 1147 graviter
498 1063 651 1142 frendens,
669 1063 711 1127 sic
728 1063 795 1128 latis
811 1085 864 1129 ora
880 1065 1023 1129 resolvit:

331 1169 401 1233 Non
418 1183 448 1232 te
464 1171 573 1232 nullius
590 1185 737 1233 exercent
753 1173 890 1236 numinis
898 1173 948 1235 ire
962 1194 971 1250 ;

284 1271 399 1357 Magna
414 1273 471 1336 luis
483 1275 667 1338 commisse:
691 1275 743 1338 tibi
759 1275 813 1338 has
829 1275 1008 1340 miserabilis
1024 1274 1168 1360 Orpbeus

285 1375 379 1447 Haud
397 1377 549 1462 quiquam
566 1379 604 1441 ob
622 1379 763 1442 meritum
778 1401 896 1464 poenas,
914 1381 944 1443 ni
960 1380 1020 1443 late
1037 1381 1187 1462 resistent,
1245 1390 1310 1450 455

286 1452 430 1572 Stbcitat,
447 1501 477 1546 et
493 1483 579 1568 repta
593 1483 725 1568 graviter
741 1505 796 1568 pro
811 1487 941 1571 conjuge
959 1488 1052 1550 sevit.

283 1589 339 1653 llla
355 1590 490 1674 quidem,
508 1590 580 1651 dum
597 1601 626 1650 te
643 1585 762 1672 sugeret
777 1610 833 1674 per
849 1589 974 1654 flumina
990 1613 1140 1679 preceps,

282 1694 454 1759 Immanem
471 1706 540 1756 ante
557 1693 653 1778 pedes
669 1693 799 1779 hydrum
816 1696 959 1759 moritura
975 1698 1077 1782 puella

283 1797 463 1862 Servantem
480 1797 560 1881 ripas
576 1795 637 1860 altri
651 1819 710 1862 non
723 1799 796 1861 vidit
812 1798 841 1861 in
858 1798 964 1863 herbt.

281 1903 324 1967 At
339 1905 450 1967 chorus
466 1903 588 1987 equalis
604 1901 765 1986 Dryadum
780 1904 914 1968 clamore
931 1925 1089 1989 supremos
1245 1909 1309 1971 460

247 1993 251 1999 ’
278 2007 447 2094 implerunt
462 2023 601 2074 montes:
624 2009 734 2074 flerunt
750 2007 940 2095 Rhodope't'ae
958 2033 1056 2091 arces,

280 2113 411 2200 Altaque
427 2113 571 2198 Pangaea,
588 2129 619 2178 et
635 2111 731 2178 Rhesi
748 2113 898 2179 Mavortia
913 2116 1013 2196 tellus,

279 2222 381 2305 Atque
398 2217 497 2298 Getae,
515 2234 605 2302 atque
622 2216 757 2296 Hebrus,
774 2233 805 2282 et
820 2219 927 2283 Actias
943 2221 1093 2306 Orithyia.

278 2324 359 2411 lpse,
376 2323 453 2390 eard
468 2325 568 2388 solans
584 2344 697 2407 agrum
712 2323 864 2388 testudine
881 2347 1027 2404 amorem,

277 2431 340 2512 Te,
357 2433 454 2496 dulcis
469 2431 595 2517 conjux,
611 2443 641 2493 te
657 2430 722 2493 solo
741 2431 769 2492 in
787 2431 885 2494 littore
902 2452 1018 2510 secum,

276 2539 339 2616 Te,
355 2538 495 2602 veniente
512 2537 573 2613 die,
590 2549 631 2611 te,
648 2535 831 2612 decedente,
847 2535 989 2601 canebat.

276 2643 434 2706 Taenarias
450 2641 542 2706 etiam
558 2638 674 2716 lancee,
691 2641 750 2703 alta
766 2641 843 2703 ostia
858 2639 951 2718 Ditis,

277 2743 321 2813 Et
335 2746 516 2832 caligantem
528 2743 616 2829 nigrb
631 2745 790 2809 formidine
806 2745 921 2823 lucum,

274 2855 443 2940 ingressus,
459 2853 630 2935 Manesque
647 2851 730 2928 adiit,
746 2871 912 2935 regemque
925 2853 1128 2931 tremendum,

274 2957 451 3042 Neseiaque
468 2955 606 3022 humanis
622 2955 763 3041 precibus
775 2976 989 3050 mansuescere
1006 2957 1113 3020 corde.

318 3068 361 3131 At
375 3078 466 3129 cantu
478 3077 637 3128 commotae
654 3061 749 3126 Erebi
766 3062 805 3125 de
822 3061 945 3125 sedibus
962 3062 1029 3126 imis

274 3169 399 3235 Umbroe
416 3170 498 3234 ibant
513 3183 631 3245 tenues,
648 3165 870 3250 simulacraque
886 3166 956 3230 luce
972 3163 1155 3246 carentitm3

275 3278 379 3353 Quem
396 3275 489 3339 multa
504 3274 534 3336 in
551 3273 628 3336 soliis
644 3274 744 3338 evium
760 3293 794 3335 se
811 3271 903 3336 millia
919 3274 1063 3350 condunt,

275 3383 396 3468 Vesper
412 3381 462 3445 ubi
477 3393 528 3444 aut
544 3379 688 3442 bibemus
704 3379 765 3463 agit
780 3379 820 3443 de
835 3377 988 3441 montibus
1003 3378 1122 3441 imber:

274 3487 402 3567 Matres,
418 3499 508 3572 etque
526 3485 590 3561 riri,
607 3482 812 3567 defunctaque
829 3504 957 3568 corpore
972 3481 1034 3546 virt

274 3592 505 3681 Magnanimtim
520 3593 661 3668 heroum,
677 3591 774 3675 pueri,
791 3592 982 3674 innuptaeque
998 3588 1116 3673 puelle,

249 3781 253 3788 ι
273 3701 471 3786 impositique
484 3699 564 3782 rogis
575 3697 706 3782 juvenes
721 3710 790 3760 ante
807 3718 859 3760 ora
876 3693 1034 3791 parenttim
1047 3716 1058 3766 3

273 3806 362 3882 Quos
377 3803 493 3868 circum
509 3802 597 3864 limus
609 3801 705 3884 niger,
722 3813 753 3862 et
769 3799 913 3862 deformia
928 3795 1045 3861 arundo

274 3910 397 3994 Cocyti,
415 3905 562 3990 tardique
579 3903 666 3989 palus
682 3904 854 3968 inamabilis
870 3899 953 3964 undti

272 4015 396 4096 Alligut,
412 4025 443 4074 et
458 4012 562 4074 novies
579 4007 658 4092 Styx
673 4005 817 4072 interfusa
833 4007 967 4069 coe'rcet.

274 4119 358 4195 Quin
374 4119 445 4201 ipse
462 4113 604 4198 stupuere
621 4115 741 4191 domus,
757 4125 847 4194 atque
863 4111 967 4174 intima
982 4107 1054 4172 Leti
1134 4134 1140 4150 ·

273 4227 415 4302 Tartara,
431 4221 638 4302 caeruleosque
654 4219 794 4304 implere
810 4218 942 4282 crinibus
958 4233 1072 4310 angues
