2914 5130
600 495 714 556 ussa
734 497 795 556 Vll.

210 653 341 734 Fateor,
356 665 396 733 et,
410 655 437 716 si
452 649 528 736 quid
542 653 608 716 veri
622 673 709 716 mens
724 665 862 738 augurat,
877 667 960 740 opto.

209 758 286 821 Haec
300 756 418 834 effatus,
432 777 528 842 equos
543 777 670 820 numero
683 769 772 842 pater
788 757 870 844 eligit
885 762 986 822 omni:

206 862 332 926 Stabant
346 873 528 926 tercentum
543 859 627 924 nitidi
643 863 673 924 in
688 862 879 948 praesepibus
893 861 972 926 altis.

207 963 353 1030 Omnibus
368 962 523 1048 extemplo
539 961 668 1026 Teucris
678 964 768 1050 jubet
783 963 890 1029 ordine
906 965 978 1030 duci

209 1066 348 1130 instratos
361 1078 446 1130 ostro
460 1064 597 1150 alipedes
611 1065 764 1150 pictisque
779 1071 900 1152 tapetis.

209 1171 308 1234 Aurea
321 1169 498 1256 pectoribus
513 1167 645 1232 demissa
660 1168 784 1234 monilia
799 1169 952 1254 pendent:

180 1283 184 1295 '
208 1271 295 1336 Tecti
308 1293 394 1352 auro,
408 1270 523 1335 lulvum
537 1269 685 1334 mandunt
700 1271 757 1334 sub
771 1271 916 1336 dentibus
932 1295 1049 1338 aurum.

208 1375 331 1440 Absenti
347 1375 449 1438 AEnee
463 1395 586 1440 currum
600 1373 798 1460 geminosque
809 1375 940 1460 jugales,

208 1480 324 1544 Semine
339 1479 381 1543 ab
396 1477 530 1558 etherio,
544 1478 696 1562 spirantes
711 1477 837 1542 naribus
851 1477 962 1564 ignem,

209 1578 326 1645 illorum
340 1580 380 1644 de
394 1591 486 1666 gente
499 1578 581 1664 patri
596 1599 672 1662 quos
686 1577 820 1648 Dadala
835 1579 929 1644 Circe

208 1683 366 1770 Suppositb
380 1682 420 1748 de
434 1695 531 1748 matre
546 1683 656 1748 nothos
671 1681 772 1746 surata
786 1687 917 1748 creavit.
1000 1724 1006 1736 »

206 1785 331 1850 Talibus
345 1784 497 1852 AEneadae
513 1784 602 1850 donis
615 1783 770 1872 dictisque
785 1785 890 1850 Latini

208 1888 354 1954 Sublimes
367 1889 399 1954 in
415 1887 503 1973 equis
516 1887 655 1967 redeunt,
669 1909 841 1973 pacemque
855 1901 1026 1974 reportant.
1077 1871 1084 1890 ’

245 1991 327 2056 Ecce
342 2006 444 2057 autem
459 1989 592 2054 lnacbiis
606 2012 674 2054 seso
689 1991 846 2054 referebat
861 1991 902 2054 ab
918 1992 1009 2078 Argis

208 2095 291 2158 Saeva
305 2083 397 2158 lovis
408 2093 532 2180 conjux,
546 2113 699 2176 aurasque
714 2095 838 2158 invecta
854 2095 998 2174 tenebat;

206 2201 242 2266 Et
256 2202 356 2268 laetum
371 2199 495 2264 AEnean
510 2201 702 2286 classemque
717 2225 757 2266 ex
772 2201 889 2266 aethere
905 2200 996 2290 longo

205 2303 392 2370 Dardaniam
407 2301 511 2367 Siculo
526 2308 686 2390 prospexit
701 2305 744 2369 ab
760 2327 857 2390 usque
873 2303 1035 2390 Pachyno.

205 2407 304 2472 Moliri
314 2409 382 2493 jain
397 2419 479 2472 tecta
493 2406 588 2486 videt,
598 2408 664 2494 jam
679 2407 776 2474 fidere
793 2422 891 2492 terre,

204 2509 383 2576 Deseruisse
397 2522 499 2576 rates:
522 2514 606 2575 stetit
620 2511 686 2576 acri
700 2512 763 2578 fixa
777 2512 896 2578 dolore.

204 2613 288 2696 Tum,
303 2636 454 2700 quassans
468 2629 572 2700 caput,
588 2614 655 2678 baec
671 2613 798 2680 effundit
811 2633 939 2704 pectore
954 2619 1058 2684 dicta:

205 2717 274 2782 Heu
288 2719 417 2804 stirpem
431 2719 578 2782 invisam!
601 2731 632 2780 et
646 2719 715 2782 satis
731 2725 888 2790 contraria
902 2725 1015 2788 nostris

203 2819 276 2886 Fata
292 2822 470 2908 Phrygum!
493 2843 565 2886 num
581 2823 679 2908 Sigeis
693 2824 879 2890 occumbere
893 2829 1023 2912 campis,

203 2923 279 2989 Num
293 2925 378 3010 capti
391 2923 521 3009 potuere
535 2924 627 3010 capi?
648 2947 720 2990 num
736 2927 862 2992 incensa
876 2930 1025 2994 cremavit

202 3027 295 3114 Troja
309 3029 419 3091 viros?
440 3025 558 3091 medias
574 3028 656 3092 acies
671 3025 851 3116 mediosque
864 3052 922 3116 per
937 3031 1023 3118 ignes

202 3129 347 3195 inveniere
363 3129 457 3194 viam.
501 3132 551 3210 At,
566 3129 670 3210 credo,
685 3153 754 3196 mea
769 3131 895 3196 numina
911 3131 1037 3198 tandem

202 3232 224 3296 F
225 3255 293 3300 essa
303 3231 517 3324 jacentvodiis
531 3245 584 3296 aut
599 3245 776 3298 exsaturata
792 3235 907 3318 quievi.
928 3283 944 3308 ,

201 3335 279 3418 Quin
294 3339 390 3400 etiam
404 3334 506 3421 patriai
521 3357 667 3400 excussos
681 3335 791 3402 infesta
804 3359 863 3424 per
878 3337 977 3404 undas

199 3441 281 3505 Ausa
295 3439 395 3523 sequi,
409 3451 440 3501 et
454 3438 591 3526 profugis
606 3449 669 3504 toto
683 3461 733 3504 me
747 3461 904 3526 opponere
919 3451 1024 3526 ponto.

199 3541 379 3624 Absumptae
394 3541 426 3602 in
440 3537 582 3604 Teucros
596 3542 679 3604 vires
693 3539 825 3627 ceolique
839 3541 1008 3624 marisque.

199 3643 279 3726 Quid
295 3645 416 3728 Syrtes,
431 3654 484 3706 aut
499 3639 606 3727 Scylla
620 3641 706 3723 mibi,
721 3643 796 3732 quid
810 3657 899 3708 vasta
914 3638 1100 3726 Charybdis

202 3743 338 3810 Prosunt
360 3755 467 3830 optato
481 3741 654 3810 conduntur
668 3745 820 3832 Tybridis
835 3745 935 3828 alveo,

200 3845 303 3912 Securi
318 3844 434 3934 pelagi,
449 3858 543 3932 atque
557 3850 629 3912 mei.
673 3848 760 3914 Mars
775 3847 908 3934 perdere
922 3860 1045 3934 gentem

199 3947 366 4016 immanem
380 3948 552 4035 Lapithimr
566 3950 680 4016 valuit:
702 3953 856 4018 concessit
868 3951 900 4018 in
915 3952 977 4016 iras
1169 3961 1230 4024 305

200 4053 266 4138 lpse
281 4053 549 4136 deam-antiquam
563 4055 683 4140 genitor
698 4051 865 4138 Calydona
877 4053 1003 4120 Diana.
1272 4064 1274 4069 ’

198 4153 287 4236 Quod
298 4155 402 4222 scelus
414 4167 466 4219 aut
477 4154 627 4242 Lapithas
639 4169 765 4234 mutum,
777 4169 829 4222 aut
840 4155 1008 4244 Calydona
1019 4163 1209 4224 merenteml
