2978 5124
205 501 264 563 ste
644 497 832 566 lanuinus

247 663 350 746 Atque
365 661 478 725 iterum
492 661 525 724 in
541 657 682 724 Teucros
695 657 810 726 AEtolis
824 663 922 746 surgit
938 661 978 725 ab
993 663 1087 747 Arpis

247 763 402 850 Tydides.
447 761 613 848 Equidem,
628 761 735 842 credo,
748 785 820 828 mea
834 763 964 830 vulnera
976 779 1114 845 restant3

248 870 288 932 Et
303 881 356 933 tua
371 869 535 955 progenies
549 866 694 932 mortalia
708 865 853 932 demoror
867 888 966 932 arma.
1241 858 1284 932 sil

247 973 278 1037 Si
293 973 359 1036 sine
374 993 453 1058 pace
468 969 520 1034 tui
535 983 628 1056 atque
643 970 738 1036 invito
751 973 875 1036 numine
890 970 992 1036 Tro'e's

246 1073 367 1138 ltaliam
382 1072 511 1158 petitire,
523 1072 607 1136 luant
622 1085 772 1158 peccata;
793 1093 895 1156 neque
910 1071 978 1136 illos

247 1179 373 1242 Juveris
388 1176 521 1240 auxilio:
545 1177 591 1241 sin
606 1190 651 1240 tot
664 1196 813 1260 responsa
827 1177 936 1256 secuti,

246 1279 323 1362 Qum
340 1281 451 1364 Superi
466 1279 639 1363 Manesque
654 1277 849 1358 dabanncur
863 1299 945 1342 nunc
961 1289 1014 1342 tua
1028 1281 1192 1362 quisquam

244 1385 379 1450 Vertere
390 1385 477 1470 jussa
492 1386 616 1468 potestl
638 1395 761 1446 auteur
776 1403 858 1446 nova
871 1380 1009 1446 condere
1024 1382 1110 1446 fatal
1238 1388 1278 1444 ³5

244 1485 329 1569 Quid
344 1499 483 1572 repetam
499 1497 624 1548 exustas
639 1483 781 1570 Erycino
795 1486 828 1548 in
844 1481 946 1548 littore
960 1482 1099 1548 classes?

242 1589 326 1671 Quid
341 1602 556 1676 tempestatum
571 1609 677 1674 regem
692 1601 862 1672 ventosque
880 1588 1014 1652 lurentes

244 1691 344 1756 AEotis
357 1692 497 1755 excitosi
519 1704 571 1754 aut
585 1703 688 1756 actam
703 1690 836 1754 nubibus
853 1690 948 1756 lriml

244 1801 336 1868 Nunc
352 1805 446 1867 etiam
462 1801 572 1865 Manes
587 1800 674 1883 (hmo
690 1803 841 1864 intentata
855 1800 1004 1866 manebat

243 1909 316 1972 Sors
332 1908 453 1989 rerum)
468 1919 591 1986 movet3
613 1919 644 1972 et
657 1905 779 1991 superis
794 1905 929 1970 immissa
943 1905 1073 1990 repenti

242 2009 374 2090 Allecto,
389 2009 507 2074 medias
524 2009 635 2074 ltaltim
650 2009 807 2074 bacchata
821 2031 879 2094 per
893 2009 998 2074 urbes.

241 2112 293 2177 Nil
309 2136 402 2200 super
415 2114 544 2200 imperio
559 2137 704 2178 moveor:
727 2116 922 2198 speravimus
936 2111 1005 2193 ista,

241 2213 324 2286 Dum
339 2217 461 2282 fortuna
476 2217 552 2298 luit;
575 2221 711 2298 vincant,
722 2239 800 2302 quos
815 2216 940 2280 vincere
955 2218 1064 2280 mavis.

242 2319 274 2384 Si
289 2320 373 2386 nulla
388 2333 435 2386 est
448 2322 535 2408 regio
550 2322 681 2386 Teucris
696 2343 790 2407 quam
805 2320 859 2386 det
874 2334 926 2384 tua
940 2320 1055 2405 conjux

240 2423 349 2506 Dura3
370 2446 429 2510 per
442 2445 570 2504 eversae,
584 2429 714 2510 genitor,
729 2423 879 2490 fumantia
893 2423 999 2512 Trojae

240 2525 376 2590 Excidio
389 2526 537 2606 obtestor,
552 2525 647 2590 liceat
661 2526 816 2590 dimittere
831 2526 872 2590 ab
887 2523 981 2590 armis

240 2627 428 2692 incolumem
443 2631 622 2708 Ascanium,
638 2627 729 2694 liceat
743 2650 907 2716 superesse
922 2639 1076 2714 nepotem.

240 2727 358 2794 AEneas
374 2731 481 2816 procul
498 2733 609 2817 ignotis
620 2733 758 2818 jactetur
772 2734 802 2798 in
818 2737 892 2815 oris,

239 2835 280 2898 Et
295 2855 522 2921 quamcumque
538 2837 619 2901 viam
635 2837 757 2902 dederit
770 2839 894 2904 lortuna
908 2850 1075 2924 sequatur:

239 2937 333 3002 Hunc
350 2951 455 3026 tegere
470 2951 500 3004 et
514 2939 591 3006 diras
606 2941 729 3006 valeam
743 2941 919 3006 subducere
937 2961 1060 3028 pugnae.

237 3040 292 3105 Est
307 3040 470 3122 Amathus,
483 3055 530 3108 est
543 3041 629 3107 celsa
644 3043 721 3108 milri
739 3043 872 3129 Paphus,
887 3056 981 3127 atque
997 3041 1153 3128 Cythera,

237 3139 406 3228 ldaliaeque
422 3142 549 3224 domus3
571 3144 679 3230 positis
694 3143 842 3232 inglorius
858 3145 953 3208 armis

236 3245 350 3334 Erigat
366 3245 418 3311 hic
433 3267 551 3312 avum:
575 3244 687 3334 magni
701 3247 817 3313 ditione
828 3249 944 3335 jubeto·

235 3348 395 3438 Carthago
409 3363 531 3436 premat
545 3351 733 3430 Ausoniam
753 3351 833 3416 nihil
847 3351 978 3418 urbibus
993 3348 1066 3416 inda

234 3451 381 3517 Obstabit
395 3452 515 3539 Tyriis.
557 3451 641 3536 Quid
654 3467 774 3540 pestem
789 3453 926 3520 evadere
940 3453 1017 3520 belli

229 3555 324 3636 Juvit,
338 3569 369 3621 et
384 3555 548 3644 Argolicos
563 3556 697 3622 medium
711 3558 826 3646 fugisse
845 3581 904 3646 per
917 3558 1014 3646 ignes,

235 3657 358 3744 Totque
373 3663 469 3726 maris
483 3674 641 3747 vastaque
656 3661 809 3726 exhausta
822 3660 963 3748 pericula
979 3675 1080 3742 terrae,

233 3760 317 3826 Dum
332 3761 456 3828 Latium
471 3763 588 3830 Teucri
603 3763 806 3850 recidivaque
822 3765 976 3851 Pergama
991 3769 1153 3851 quaeruntl

233 3863 303 3928 Non
318 3868 415 3930 satius
429 3867 549 3934 cineres
563 3872 674 3954 patriae
689 3867 839 3934 insedisse
854 3889 1027 3954 supremos,

232 3968 335 4049 Atque
349 3968 448 4038 solum
463 3990 525 4054 quo
539 3971 638 4060 Troja
652 3972 733 4038 funt
753 3969 912 4036 Xanthum
927 3985 958 4036 et
973 3972 1132 4038 Simointa
1231 3979 1275 4040 60

232 4065 354 4148 Redde,
368 4090 434 4151 oro,
449 4072 591 4153 miseris3
613 4075 785 4160 iterumque
800 4073 965 4158 revolvere
978 4096 1071 4140 emtis
1108 4105 1129 4170 p

175 4247 191 4267 -.
229 4169 291 4250 Da,
305 4181 405 4256 pater,
418 4170 530 4240 iliacos
544 4175 688 4242 Teucris.
732 4177 814 4244 uum
827 4176 913 4264 regia
926 4177 1087 4258 luno,
1099 4247 1102 4253 ,
