2978 5124
574 1031 975 1132 AENEIDOS.

449 1283 452 1290 ’
565 1305 700 1371 urana
721 1305 941 1372 oceanus,

265 1517 316 1582 Ur
329 1513 403 1582 belli
417 1515 536 1602 signum
551 1513 700 1579 Laurenti
715 1513 839 1579 Turnus
853 1513 896 1578 ab
910 1532 983 1577 arce

261 1619 389 1700 Extulit,
404 1632 435 1683 et
449 1639 544 1682 rauco
558 1610 754 1702 strepuerunt
768 1613 885 1680 cornua'
899 1626 1002 1694 cantu,

263 1721 368 1809 thue
382 1743 471 1787 acres
486 1724 641 1786 concussit
656 1741 762 1806 equos,
776 1733 871 1805 utque
884 1717 1006 1805 impulit
1020 1735 1125 1796 arma;

261 1825 428 1912 Extemplo
443 1826 558 1890 turbati
574 1824 687 1905 animi3
709 1821 798 1887 simul
812 1843 902 1888 omne
918 1820 1048 1886 tumultu

263 1927 415 2015 Conjurat
429 1926 553 2013 trepido
569 1927 704 2006 Latium,
715 1926 863 2010 saevitque
873 1926 1021 2012 juventus

263 2030 378 2096 Effera.
421 2030 577 2094 Ductores
591 2031 694 2114 primi,
709 2029 882 2114 Messapus,
897 2040 928 2092 et
943 2025 1052 2108 Ufens,

263 2134 528 2221 Contemptorque
544 2134 637 2199 defim
653 2133 837 2213 Mezentius,
851 2132 988 2219 undique
1002 2146 1115 2220 cogunt

263 2235 400 2316 Auxilia,
415 2249 445 2300 et
460 2235 538 2301 latos
552 2249 675 2301 vastant
689 2235 860 2301 cultoribus
875 2257 977 2323 agros.

263 2339 397 2403 Mittitur
411 2352 442 2403 et
455 2344 558 2426 magni
574 2339 715 2405 Venulus
730 2339 894 2406 Diomedis
909 2338 951 2404 ad
966 2339 1085 2420 urbem,

264 2441 327 2524 Qui
341 2455 425 2528 petat
440 2441 601 2522 auxilium,
616 2456 646 2508 et
660 2443 752 2508 Latio
766 2444 936 2510 consistere
951 2444 1101 2524 Teucros,

264 2543 439 2610 Advectum
455 2545 573 2612 AEnean
588 2545 691 2627 classi,
705 2548 864 2633 victosque
880 2549 1013 2613 Penates

265 2648 393 2730 lnferre,
408 2663 438 2712 et
452 2649 523 2714 fatis
537 2671 642 2735 regem
657 2671 691 2714 se
706 2648 813 2714 dicere
828 2653 926 2736 posci,

266 2751 417 2830 Edoceat,
431 2752 605 2838 multasque
619 2755 688 2816 viro
703 2775 737 2816 se
752 2751 921 2840 adjungere
935 2767 1043 2841 gentes

263 2853 440 2936 Dardanio,
454 2868 485 2920 et
499 2855 561 2920 latd
577 2856 669 2920 Latio
684 2856 918 2922 increbrescere
933 2876 1064 2924 nomen:

263 2957 348 3041 Quid
363 2971 461 3023 struat
476 2958 523 3023 his
538 2955 774 3044 cceptis‚'quem‚
788 2961 815 3022 si
830 2960 951 3024 fortuna
971 2971 1128 3045 sequatur,

264 3061 420 3126 Eventum
434 3081 544 3149 pugnas
559 3061 674 3147 cupiat,
688 3057 881 3126 manifestiis
896 3065 965 3147 ipsi,

265 3165 368 3247 Quam
384 3164 491 3230 Turno
504 3165 571 3251 regi
586 3176 640 3229 aut
653 3167 721 3250 regi
736 3184 889 3250 apparere
904 3163 1028 3228 Latino.
1077 3197 1141 3296 q,

308 3265 402 3330 Talia
416 3286 474 3352 per
488 3266 631 3330 Latium:
655 3285 724 3350 quae
740 3264 984 3331 Laomedontius
999 3267 1091 3335 heros

267 3368 392 3433 Cuncta
405 3367 525 3448 videns,
540 3389 650 3455 magno
665 3389 811 3434 curarum
825 3369 952 3434 fluctuat
966 3383 1052 3450 cestu,

264 3473 370 3556 Atque
384 3473 519 3536 animum
534 3491 615 3534 nunc
632 3469 692 3538 huc
706 3469 852 3550 celerem,
865 3493 946 3536 nunc
960 3469 1071 3536 dividit
1085 3469 1169 3548 illuc,

268 3573 305 3638 lu
319 3585 488 3658 partesque
502 3572 584 3658 rapit
597 3575 713 3654 varias,
727 3595 845 3658 perque
859 3575 963 3638 omnia
977 3585 1093 3638 versat.

266 3676 354 3741 Sicut
368 3697 458 3761 aquae
473 3674 637 3741 aemulum
652 3675 748 3742 labris
762 3677 818 3742 ubi
833 3676 935 3742 lumen
950 3674 1070 3756 ahenis,

266 3778 340 3844 Sole
355 3800 581 3866 repercussum,
595 3791 648 3844 aut
661 3779 811 3845 radiantis
825 3781 958 3867 imagine
973 3778 1064 3860 lunas,

266 3883 381 3948 Omnia
395 3882 562 3968 pervolitat
576 3881 640 3947 late
655 3882 745 3962 loca3
762 3884 892 3970 Jamque
906 3881 965 3946 sub
979 3902 1072 3947 auras

267 3985 416 4073 Erigitur,
431 3988 603 4072 summique
617 3988 688 4054 serit
702 3985 865 4072 laquearia
879 3987 965 4050 tecti.

268 4086 341 4151 Nox
356 4101 434 4168 erat,
450 4101 481 4152 et
494 4102 595 4154 terras
610 4088 758 4155 animalia
772 4089 855 4155 fessa
869 4095 926 4174 'per
940 4109 1056 4168 omnes,

269 4188 406 4258 atinum
419 4190 637 4280 pecudumque
651 4213 758 4280 genus,
771 4213 865 4279 sopor
879 4191 959 4258 altus
974 4189 1131 4270 habebam
