2956 5132
188 473 244 530 160
632 467 820 528 minos

225 617 372 698 Vellitur,
383 617 454 684 buic
469 629 536 682 atro
551 615 707 702 liquuntur
721 617 869 704 sanguine
883 631 986 706 guttre,

225 721 266 788 Et
279 736 393 787 terram
408 715 483 784 tabo
497 717 664 783 maculent.
708 718 787 782 Mihi
802 719 930 806 frigidus
945 722 1058 790 horror

225 826 369 890 Membra
383 824 491 909 quatit,
505 820 686 910 gelidusque
701 823 765 886 coit
779 822 943 888 formidine
959 828 1092 914 sanguis.

225 927 344 992 Rursus
358 940 389 992 et
404 926 528 992 alterius
543 925 658 1003 lenitum
671 923 849 1002 convellere
864 925 967 992 vimen

224 1033 384 1118 insequor,
399 1045 429 1096 et
443 1053 554 1096 causas
567 1026 689 1116 penitirs
703 1039 821 1092 tentare
836 1025 988 1112 latentes3

224 1139 303 1200 Ater
317 1147 348 1198 et
362 1135 486 1203 alterius
501 1133 639 1219 sequitur
654 1130 694 1194 de
709 1131 825 1194 cortice
839 1134 975 1220 sanguis.

225 1237 325 1302 Multa
339 1258 464 1301 movens
479 1236 590 1314 animo,
604 1233 771 1320 Nymphas
779 1235 963 1309 venerabar
977 1251 1125 1325 agrestes,

223 1340 457 1426 Gradivumque
472 1353 602 1425 patrem,
616 1338 733 1402 Geticis
748 1337 801 1422 qui
815 1338 963 1423 praesidet
978 1343 1075 1424 arvis,

224 1442 297 1508 Rite
313 1441 520 1510 secundarent
533 1442 626 1520 vietus,
640 1460 794 1536 omenque
806 1439 960 1518 lssiiffllil.»

222 1547 332 1612 Tertia
347 1546 402 1612 sed
416 1559 579 1632 pesuqrum
592 1545 711 1630 majore
726 1543 851 1620 hostilio
864 1529 934 1622 lilii!

221 1652 406 1739 Aggredior,
420 1650 611 1738 genibusque
626 1646 768 1722 adverse
779 1647 925 1724 obluctor
938 1667 1054 1731 neone,

222 1754 371 1840 Eloquar,
386 1776 425 1818 an
440 1753 570 1822 sileant
591 1751 720 1838 gemitus
734 1749 952 1838 lacrymubilis
964 1753 1029 1820 imo
1127 1805 1134 1812 .

221 1857 356 1922 Auditur
371 1854 496 1934 tumulo,
511 1865 542 1924 et
555 1874 618 1923 uox
631 1851 757 1925 reddito
770 1855 870 1935 ieptur
884 1853 926 1922 ed
940 1875 1053 1934 eorm:

221 1959 304 2043 Quid
319 1961 473 2038 miserum,
487 1955 595 2038 Boea,
609 1955 753 2028 incensi
770 1959 837 2045 jorn
850 1975 947 2044 perce
962 1959 1100 2045 oopidto3

222 2062 321 2127 Parce
336 2063 403 2149 pias
417 2061 571 2128 scelerare
585 2081 705 2132 manus.
750 2059 821 2126 Non
836 2081 886 2126 me
901 2061 960 2140 ubi
975 2061 1074 2150 'stoji

221 2165 392 2231 Externum
406 2163 484 2244 tulit,
498 2175 551 2230 out
564 2177 661 2236 cruor
674 2163 725 2241 bic
740 2162 781 2240 de
796 2167 901 2250 stipite
911 2179 1032 2242 manat.

221 2271 315 2335 Heu!
337 2270 407 2356 luge
423 2267 567 2335 crudeles
581 2280 691 2348 terres,
703 2269 777 2354 iuge
790 2267 876 2346 littus
890 2289 1031 2348 avarum·

216 2373 301 2440 Nam
317 2371 492 2462 Polydorus
507 2393 585 2460 ego:
608 2371 662 2440 liic
676 2371 834 2446 confixum
845 2372 953 2450 ieme
968 2372 1047 2440 texit

197 2537 202 2548 ,
219 2473 367 2541 Telorum
382 2495 481 2560 seges,
496 2487 527 2538 et
536 2473 650 2559 jaculis
665 2475 796 2542 increvit
811 2477 922 2548 ocutis.

218 2579 300 2643 Tum
315 2575 390 2641 verti
405 2577 532 2660 ancipiti
546 2587 680 2646 menum
695 2575 861 2652 formidine
874 2599 1001 2664 pressoe

217 2680 381 2766 Obstupui,
397 2691 608 2764 steteruntque
621 2699 731 2759 cenuae,
743 2691 778 2752 et
793 2701 855 2748 vox
870 2680 1013 2758 saucibus
1026 2677 1128 2761 besu.

260 2785 356 2850 Hunc
372 2783 562 2871 Polydorum
578 2783 645 2853 osui
655 2782 818 2868 nummu
829 2801 904 2858 cum
917 2782 1057 2868 poncione
1072 2804 1184 2872 mogun

217 2887 328 2953 Infelix
345 2887 602 2964 Pnammsmom
615 2885 944 2964 mondiretulendurn
1209 2893 1254 2952 ,50

216 2990 367 3056 Threicio
380 2979 456 3078 iogi,
467 3011 561 3076 quum
570 2991 636 3078 jem
651 2989 807 3062 diffidmt
817 2991 915 3061 ,annis

216 3092 398 3174 Dardanius,
411 3093 555 3180 cingique
570 3093 681 3160 urbem
694 3091 859 3166 obsidione
873 3090 1006 3170 viderpt·

216 3195 283 3278 ille,
296 3210 330 3261 ut
343 3218 419 3283 opes
433 3197 541 3262 tracto
556 3196 724 3276 Teucrdm,
739 3209 771 3261 et
785 3196 908 3272 fortune
920 3199 1062 3278 recessit,

216 3299 282 3378 Res
297 3303 556 3388 Agamemnonias
571 3301 776 3387 vnuiciaqoe
791 3318 879 3372 ormo
892 3315 1028 3382 secutus,

144 3481 146 3490 Ι
216 3405 277 3470 Pas
291 3424 381 3470 omne
396 3405 561 3491 abrumpit,
575 3405 768 3494 Polydorum
780 3403 957 3485 obtruncat,
968 3419 1001 3470 et
1014 3429 1091 3480 euro
1125 3421 1133 3430 ‘
1151 3445 1154 3450 ·
1211 3412 1251 3470 55

215 3507 259 3570 Vi
273 3511 399 3592 potitur.
422 3507 506 3590 Quid
518 3529 582 3576 non
597 3508 741 3574 mortalia
755 3523 885 3594 pectore
898 3509 995 3595 cogis,

215 3613 293 3675 Auri
308 3633 399 3677 sacra
412 3612 532 3676 semesi
556 3612 721 3696 Postquam
736 3634 837 3698 pavor
851 3636 922 3681 osso
934 3613 1070 3698 reliquit,

212 3711 363 3778 Delectos
377 3713 483 3800 populi
497 3714 539 3778 ad
553 3735 709 3800 proceres,
724 3714 920 3801 primumque
934 3729 1106 3800 parentem,

214 3817 355 3882 Monstro
369 3817 462 3882 deum
476 3819 589 3900 refero,
604 3831 636 3884 et
648 3840 719 3904 quoe
733 3822 774 3884 sit
788 3821 940 3887 sententia
953 3832 1060 3902 posco.

212 3917 365 3983 Omnibus
379 3918 463 3983 idem
477 3924 598 3988 enimus
612 3919 765 3988 scelerati
779 3917 934 3987 excedere
949 3917 1044 4000 terri,
1207 3925 1250 3982 60

214 4020 328 4104 Linqui
343 4019 492 4104 pollutum
507 4023 681 4110 hospitium,
695 4039 727 4090 et
741 4022 818 4090 dere
832 4021 984 4091 classibus
1000 4035 1132 4096 austros.

215 4121 298 4207 Ergo
313 4123 518 4192 instauremus
535 4127 694 4211 Polydoro
708 4129 808 4207 sunus,
824 4139 854 4192 et
869 4129 981 4212 lugens
