2978 5124
699 450 814 512 trusa
834 453 883 516 Χῖ.

303 600 522 691 AEternquue
536 605 618 672 vale.
663 607 730 672 Nec
745 605 836 693 plura
851 605 968 687 effatus,
983 605 1023 672 ad
1039 606 1120 672 altos

301 709 465 774 Tendebat
479 732 592 790 muros,
606 731 805 798 gressumque
821 712 852 776 in
866 721 969 774 castra
985 713 1116 776 ferebat.

341 812 474 896 Jamque
489 825 629 876 oratores
642 810 773 876 aderant
787 835 828 876 ex
843 813 920 876 urbo
940 811 1061 892 latina,

300 911 407 978 Veluti
422 916 516 978 ramis
532 913 619 994 oloae,
634 917 817 998 veniamque
829 927 990 1000 rogantes:

300 1019 452 1104 Corpora,
465 1041 664 1106 percompta
678 1021 762 1084 ferro
776 1041 845 1104 quae
861 1021 928 1083 fusa
938 1020 1098 1105 jacebant,

300 1119 468 1204 Redderet,
483 1143 521 1187 ac
535 1123 652 1187 tumulo
666 1124 779 1188 sineret
794 1121 963 1187 succedere
978 1137 1090 1203 terrae;

298 1223 424 1288 Nullum
438 1247 510 1290 cum
526 1225 614 1289 victis
629 1239 787 1290 certamen
802 1237 833 1290 et
847 1223 964 1288 aetbore
978 1225 1096 1304 cassis3

300 1327 446 1394 Parceret
460 1329 633 1414 hospitibus
649 1328 804 1414 quondam
819 1329 997 1412 socerisque
1011 1332 1142 1392 vocatis.

298 1431 382 1514 Quos
396 1433 496 1498 bonus
514 1433 636 1514 AEneas,
648 1431 734 1497 baud
749 1432 941 1518 aspernanda
956 1445 1128 1518 precautes,

298 1533 497 1619 Prosequitur
510 1534 612 1615 veniri,
627 1548 658 1599 et
671 1535 776 1599 verbis
792 1535 859 1599 haec
875 1537 1000 1620 insuper
1014 1531 1121 1598 addit:

339 1637 488 1718 Quaenam
503 1660 558 1702 vos
574 1649 659 1708 tanto
674 1638 795 1701 fortuna
810 1637 946 1724 indigna,
961 1637 1075 1718 Latini,

298 1738 452 1824 implicuit
466 1737 559 1820 bello,
574 1741 627 1826 qui
643 1761 699 1804 nos
714 1739 835 1826 fugiatis
850 1743 988 1804 amicus?

296 1840 411 1906 Pacem
426 1863 475 1906 me
490 1843 642 1908 exanimis
656 1858 688 1906 et
702 1843 812 1906 Martis
826 1855 909 1906 sorte
924 1845 1091 1927 peremptis

295 1944 418 2026 Oratis3
440 1946 586 2032 equidem
600 1959 631 2011 et
642 1948 723 2012 vinis
737 1945 913 2010 concedere
929 1945 1050 2010 vellem.

295 2047 362 2113 Nec
378 2053 460 2128 veni,
473 2051 533 2114 nisi
548 2050 611 2114 fata
627 2049 729 2115 locum
744 2047 912 2133 sedemque
925 2047 1102 2128 dedissent3

295 2149 362 2216 Nec
377 2151 492 2216 bellum
506 2173 576 2216 cum
590 2167 681 2238 gente
695 2174 780 2238 gero.
826 2151 897 2214 Rex
912 2163 1015 2215 nostra
1029 2149 1155 2236 reliquit

294 2255 452 2340 Hospitis,
466 2267 497 2318 et
510 2254 611 2318 Turni
625 2253 724 2341 potitis
739 2276 773 2319 se
787 2253 921 2320 credidit
936 2257 1040 2318 armis.

293 2354 427 2443 AEquiirs
441 2357 514 2422 huic
528 2357 666 2422 'lbrnum
681 2359 781 2422 fuerat
796 2380 828 2422 se
844 2377 1002 2442 opponere
1017 2360 1117 2422 morti.

295 2461 327 2524 Si
340 2460 456 2526 bellum
472 2462 559 2527 finire
574 2483 677 2544 manu,
690 2465 716 2526 si
730 2462 847 2548 pellere
862 2461 1002 2525 Teucros

293 2565 442 2650 Apparet,
457 2565 506 2629 his
519 2587 640 2632 mecum
655 2565 758 2631 decuit
772 2585 959 2632 concurrere
974 2563 1060 2630 telis:

293 2666 399 2751 Vixet,
413 2671 463 2736 cui
477 2673 573 2736 vitam
588 2671 665 2736 deus
680 2685 731 2736 aut
746 2691 801 2734 sua
816 2669 927 2734 dextra
942 2668 1090 2733 dedisset.

293 2771 382 2838 Nunc
396 2775 449 2852 ite,
464 2787 495 2837 et
508 2776 630 2838 miseris
645 2774 804 2858 supponite
819 2775 939 2838 civibus
955 2776 1067 2858 ignem.

333 2872 467 2940 Dixerat
480 2871 618 2940 AEneas:
641 2874 695 2938 olli
710 2873 897 2960 obstupuere
913 2873 1055 2954 silentes3

292 2975 507 3061 Conversique
519 2976 626 3042 oculos
642 2977 721 3042 inter
735 2999 769 3042 se
784 2991 877 3062 atque
892 2999 948 3042 ora
963 2977 1121 3040 tenebant.

292 3076 373 3142 Tum
387 3080 499 3158 senior,
513 3101 696 3165 semperque
710 3080 789 3144 odiis
805 3093 835 3144 et
848 3080 974 3144 crimine
989 3077 1131 3142 Drances

292 3179 429 3246 infensus
439 3184 548 3270 juveni
563 3181 678 3264 Turno,
692 3185 736 3248 sic
752 3205 805 3249 oro
820 3183 954 3248 vicissim

290 3281 372 3346 Orsa
385 3283 481 3348 refert
496 3305 504 3347 ι
526 3283 556 3348 O
570 3284 653 3349 sama
667 3289 785 3372 ingens,
799 3285 948 3371 ingentior
962 3287 1066 3362 armis,

289 3381 352 3450 Vir
366 3385 512 3472 Trojano,
523 3387 636 3470 quibus
650 3387 731 3452 coelo
745 3401 775 3453 te
790 3386 933 3453 laudibus
944 3389 1087 3472 aequeml

288 3485 459 3554 Justitiaenc
474 3487 560 3575 priris
574 3494 678 3572 mirer,
692 3491 808 3556 belline
823 3491 984 3558 laborum?

289 3587 354 3655 Nos
368 3591 444 3656 verti
459 3591 526 3657 hoec
541 3597 675 3679 patriam
690 3597 769 3681 grati
783 3593 951 3658 reseremus
967 3591 1007 3656 ad
1021 3591 1141 3670 urbem,

289 3691 329 3757 Et
344 3707 383 3775 tc,
398 3697 425 3759 si
440 3715 503 3782 qua
516 3697 599 3760 viam
613 3695 734 3774 dederit
750 3699 881 3778 fortuna,
895 3697 1007 3760 Latino

287 3795 454 3884 iungemus
469 3802 555 3882 regi:
579 3814 697 3884 quaerat
711 3801 772 3864 sibi
788 3799 907 3864 foedera
922 3799 1056 3861 Turnus.

286 3897 369 3979 Quin
383 3911 415 3964 et
428 3898 539 3965 fatales
554 3903 708 3966 murorum
723 3900 863 3964 attollere
879 3899 984 3978 moles,

287 4001 434 4088 Saxaque
448 4003 633 4068 subvectare
648 4003 785 4068 humeris
799 3999 945 4086 Trojana‚
955 4001 1090 4088 juvabit.

287 4099 422 4170 Dixerat
437 4103 526 4186 haec3
546 4125 668 4191 unoque
683 4123 789 4169 omnes
803 4101 914 4170 eadem
928 4125 982 4169 ore
997 4103 1180 4170 fremebant.
