2978 5124
744 535 860 600 stssn
879 537 915 600 Χ.

328 699 445 768 Enean
460 697 570 786 petiit;
592 693 647 760 sed
663 715 722 759 non
738 707 769 760 et
783 693 879 780 figere
893 691 1003 758 contri

326 803 381 870 Est
395 803 523 881 licitum,
538 797 702 886 magnique
716 798 817 862 femur
830 794 1009 882 perstrinxit
1023 791 1165 860 Acbatae.

324 906 389 972 Hic
405 904 552 982 Curibus,
567 900 665 967 fidens
678 899 828 986 primaevo
842 919 985 984 corpore,
998 896 1132 962 Clausus
1296 903 1356 962 845

324 1007 470 1084 Advenit,
485 1016 516 1069 et
529 1003 629 1092 rigida
643 1003 797 1088 Dryopen
813 1003 885 1066 ierit
899 1001 1017 1066 eminus
1032 999 1122 1066 hasti

324 1113 388 1177 Sub
403 1122 551 1188 mentum,
565 1107 701 1194 graviter
715 1104 833 1190 pressi,
847 1103 1025 1190 pariterque
1039 1101 1194 1186 loquentis

322 1213 446 1280 Voce’m
461 1189 659 1294 animamque
674 1212 765 1294 rapit,
779 1209 910 1296 trajecto
924 1219 1065 1294 gutture:
1089 1218 1121 1270 at
1135 1201 1189 1269 ille

328 1318 443 1383 Fronte
458 1315 530 1380 serit
544 1327 669 1393 terram,
683 1325 713 1376 et
728 1332 867 1376 crassum
882 1313 978 1374 vomit
991 1331 1048 1374 ore
1060 1328 1214 1372 cruorem.

322 1421 402 1486 Tres
417 1440 543 1506 quoque
557 1416 732 1496 Threicios,
749 1415 858 1480 Boreae
870 1413 910 1479 de
924 1425 1015 1500 gente
1030 1407 1183 1495 supremi,

322 1524 364 1588 Et
378 1537 451 1604 tres,
465 1543 543 1607 quos
559 1521 631 1585 Idas
647 1532 737 1605 pater
752 1530 782 1582 et
796 1519 898 1604 patria
916 1521 1031 1581 lsmara
1047 1513 1150 1592 mittit,

323 1629 385 1694 Per
397 1627 503 1692 varios
517 1627 625 1690 sternit
640 1645 742 1690 casus.
786 1621 933 1688 Accurrit
949 1619 1096 1698 Halesus,

322 1732 541 1813 Auruncaeque
555 1749 683 1806 manus3
705 1727 789 1791 subit
804 1738 835 1789 et
849 1723 1006 1810 Neptunia
1021 1721 1133 1808 proles,

323 1832 453 1920 insignis
468 1831 632 1916 Messapus
647 1831 751 1914 equis:
774 1825 932 1914 expellere
948 1825 1076 1891 tendunt

321 1934 411 2000 Nunc
427 1934 471 2013 hi,
485 1953 567 1998 nunc
582 1931 643 1996 illi:
666 1943 804 1996 certatur
817 1929 920 1994 limine
935 1929 965 1993 in
980 1931 1049 2014 ipso

323 2039 480 2102 Ausoniae·
524 2035 641 2120 Magno
655 2032 816 2099 discordes
831 2031 948 2096 aethere
962 2029 1046 2096 venti

324 2137 438 2204 Proelia
452 2159 511 2203 ceu
526 2135 645 2216 tollunt,
661 2137 771 2200 animis
786 2148 816 2202 et
831 2135 949 2200 viribus
963 2135 1079 2219 aquis:

323 2241 392 2308 Non
408 2245 469 2328 ipsi
484 2245 624 2318 intense,
639 2261 698 2303 non
714 2239 831 2318 nubila,
846 2262 907 2304 non
921 2261 1007 2304 mare
1022 2237 1153 2302 cedunt:

324 2345 449 2429 Anceps
464 2363 566 2428 pugna
581 2339 657 2422 diu3
678 2353 760 2405 stant
774 2341 894 2406 obnixa
908 2341 1010 2406 omnia
1025 2339 1144 2406 contri.

324 2447 420 2511 Hand
437 2444 528 2509 aliter
543 2443 689 2530 Trojanae
704 2444 787 2508 acies
802 2447 948 2527 aciesque
964 2443 1084 2507 Latinas

325 2547 541 2626 Concurrunt3
563 2545 662 2611 haeret
675 2545 757 2632 pede
772 2567 837 2630 pes,
848 2545 1024 2632 densusque
1035 2545 1103 2611 viro
1118 2548 1177 2613 vir.

365 2659 406 2718 At
421 2663 510 2737 parte
525 2671 567 2713 ex
582 2647 654 2729 alis,
669 2647 731 2734 qui
744 2669 823 2715 saxa
837 2649 970 2716 rotantia
984 2647 1048 2714 lats

326 2761 494 2848 impulerat
509 2773 629 2822 torrens
643 2758 834 2842 arbustaque
848 2755 951 2842 diruta
965 2759 1052 2844 ripis,

324 2863 476 2942 Arcadas,
490 2864 627 2924 insuetos
642 2863 726 2923 acies
740 2861 856 2926 inferre
870 2859 1043 2947 pedestres,

325 2966 368 3032 Ut
381 2966 461 3031 vidit
477 2963 582 3029 Pallas
596 2965 689 3028 Latio
703 2964 780 3030 dare
796 2978 882 3053 terga
893 2967 1029 3052 sequaci,

326 3073 446 3158 Aspera
463 3072 552 3154 queis
568 3081 679 3133 natura
695 3068 754 3132 loci
769 3069 924 3134 dimittere
940 3069 1065 3157 quando

325 3173 426 3238 Suasit
441 3193 555 3256 equos3
577 3191 669 3234 unum
684 3171 768 3257 quod
784 3173 879 3236 rebus
893 3185 990 3238 restat
1005 3175 1119 3260 egenis,

324 3275 414 3341 Nunc
430 3297 536 3361 prece,
551 3297 631 3338 nunc
645 3273 738 3339 dictis
751 3277 895 3340 virtutem
910 3278 1055 3342 accendit
1069 3279 1200 3344 amaris:

365 3379 437 3460 Qud
452 3377 563 3462 fugitis,
578 3379 677 3442 sociil
698 3401 755 3464 per
769 3401 825 3443 vos
840 3393 871 3443 et
885 3381 977 3444 sortia
993 3381 1086 3462 lacta,

325 3483 384 3549 Per
399 3481 489 3545 ducis
506 3481 645 3545 Evandri
661 3504 782 3563 nomen,
797 3481 983 3568 devictaque
998 3482 1093 3560 bella,
1294 3491 1357 3550 370

325 3585 481 3671 Spemque
497 3603 609 3660 meam,
624 3583 733 3668 patriae
752 3605 820 3656 qnae
837 3608 875 3648 *nu
898 3605 916 3648 c
932 3585 1015 3648 subit
1030 3583 1142 3649 aemula
1156 3582 1252 3667 laudi,

324 3685 425 3750 Fidite
441 3705 479 3748 ne
494 3681 639 3768 pedibus.
686 3684 783 3749 Ferro
798 3685 971 3772 rumpenda
985 3705 1042 3770 per
1058 3685 1162 3750 hostes

325 3789 380 3854 Est
396 3791 458 3866 via,
472 3786 532 3870 quai
547 3787 658 3872 globus
674 3787 725 3853 ille
740 3791 840 3855 virtlm
856 3791 1056 3854 densissimus
1071 3803 1177 3876 urget:

326 3891 398 3958 Hire
414 3913 470 3954 vos
485 3908 515 3956 et
532 3891 673 3957 Pallanta
686 3892 798 3958 ducem
814 3894 914 3978 patria
929 3891 992 3956 alta
1007 3897 1154 3978 reposcit.

328 3994 462 4060 Numina
477 3993 561 4058 nulla
577 4009 735 4080 premunt:
760 3995 882 4060 mortali
898 4017 1042 4080 urgemur
1056 3996 1098 4059 ab
1113 3997 1201 4064 hoste
1296 4006 1358 4066 873

327 4096 493 4162 Mortales:
516 4097 642 4162 totidem
658 4099 749 4164 nobis
765 4101 813 4160 nni
826 4117 937 4180 riteque
949 4115 1127 4185 manusque.

327 4199 412 4266 Ecce
426 4188 521 4266 maris
535 4201 647 4291 magni
661 4201 779 4272 claudit
793 4222 849 4268 nos
863 4202 957 4268 obice
971 4215 1098 4288 pontus3
