2978 5124
628 541 743 626 urana
762 541 839 601 vin.

242 691 324 758 Solis
339 691 509 758 inardescit
522 691 620 757 radiis
635 693 787 780 longique
802 693 951 780 refulget3

243 795 325 862 Tum
339 796 425 860 leves
439 817 551 861 ocreas
565 796 682 860 electro
697 819 835 881 auroque
849 811 986 877 recocto,
1006 861 1013 880 ,

244 899 451 984 Hastamque,
466 911 497 963 et
511 898 617 985 clypei
632 921 692 964 non
706 899 882 964 enarrabile
898 913 1027 964 textum.
1213 903 1275 962 625

243 999 311 1066 lllic
327 1023 378 1066 res
393 1000 496 1082 italas,
512 1001 784 1086 Romanorumque
799 1003 979 1088 triumphos,

244 1105 343 1169 Haud
359 1119 464 1172 vatum
480 1106 613 1192 ignarus,
629 1109 813 1191 venturique
827 1107 941 1170 inscius
956 1110 1023 1188 evi,

229 1208 379 1273 ,Fecerat
392 1210 582 1296 ignipotens3
604 1208 666 1274 illic
680 1231 776 1295 genus
791 1231 881 1275 omne
896 1210 1005 1274 suturae

244 1313 358 1396 Stirpis
371 1312 415 1376 ab
430 1315 575 1393 Ascanio,
587 1329 784 1398 pugnataque
799 1315 831 1376 in
845 1311 955 1376 ordine
970 1311 1065 1378 bella.

244 1415 380 1479 Fecerat
395 1427 426 1479 et
440 1414 532 1479 viridi
547 1416 654 1480 ioetam
674 1416 824 1480 Mavortis
839 1415 869 1479 in
885 1427 977 1490 antro¹
1216 1421 1278 1480 630

245 1518 456 1583 Procubuisse
471 1517 595 1603 lupam3
617 1519 754 1605 geminos
771 1517 841 1582 huic
857 1518 956 1582 ubera
971 1518 1089 1584 circum

245 1619 373 1684 Ludere
388 1619 560 1705 pendentes
575 1643 697 1705 pueroS,
712 1633 743 1684 et
759 1619 898 1684 lambere
913 1633 1045 1686 matrem

246 1721 444 1808 impavidos3
466 1722 550 1787 illam
566 1725 656 1788 tereti
671 1726 796 1788 cervice
811 1723 961 1788 reflexam

246 1823 389 1887 Mulcere
405 1813 550 1904 alternos,
565 1837 596 1888 et
610 1847 745 1911 corpora
759 1825 876 1911 lingere
892 1825 1005 1911 lingui.

246 1927 314 1994 Nec
329 1925 441 2012 procul
456 1927 528 1992 binc
544 1927 688 2007 Romam,
703 1941 734 1992 et
744 1941 850 2014 raptas
865 1931 932 1992 sine
947 1948 1034 1992 more
1049 1926 1182 1992 Sabinas
1218 1933 1280 1991 635

246 2029 404 2098 Consessu
420 2051 535 2115 cavere,
550 2035 670 2116 magnis
685 2031 888 2096 Circensibus
903 2031 990 2112 actis,

246 2129 442 2210 Addiderat3
464 2131 629 2216 subitoque
643 2153 756 2196 novum
771 2155 957 2219 consurgere
973 2131 1088 2199 bellum

247 2233 435 2312 Romulidis,
449 2233 604 2320 Tatioque
619 2239 697 2314 seni,
711 2235 910 2322 Curibusque
924 2235 1053 2300 severis.

247 2337 322 2400 Post
337 2335 431 2415 idem,
443 2339 524 2401 inter
537 2359 571 2401 se
585 2342 686 2423 posito
700 2341 881 2417 certamine,
896 2359 986 2425 reges

248 2441 371 2504 Armati
385 2440 473 2504 Jovis
489 2454 560 2504 ante
575 2461 672 2520 aram,
686 2413 874 2526 paterasqub
890 2453 1040 2523 tenentes,
1220 2440 1283 2507 640

249 2543 392 2622 Stabant,
407 2557 437 2608 et
451 2544 532 2608 caesi
541 2545 714 2630 jungebant
726 2544 847 2610 loedera
862 2545 970 2630 porci.

249 2644 348 2709 Haud
364 2646 470 2731 procul
486 2643 569 2725 inde,
583 2650 651 2710 cita
667 2647 795 2711 Matium
810 2648 841 2712 in
856 2647 982 2714 diversa
997 2650 1154 2738 quadriga

248 2747 453 2828 Distulerant,
466 2748 518 2828 (at
533 2761 564 2812 tu
579 2747 680 2828 dictis,
695 2749 827 2829 Albane,
842 2771 985 2817 maneres
995 2755 1021 2837 l)
1053 2765 1057 2774 ’

250 2850 472 2937 Raptabatque
489 2853 547 2914 viri
563 2850 723 2916 mendacis
737 2853 860 2918 viscera
874 2853 984 2918 Tullus

251 2955 312 3020 Per
326 2954 446 3035 silvam,
461 2968 492 3018 et
506 2955 607 3040 sparsi
622 2956 773 3020 rorabant
787 2960 936 3044 sanguine
951 2979 1072 3044 vepres.
1221 2965 1284 3025 645

250 3059 317 3122 Nec
334 3080 395 3124 non
410 3059 615 3142 Tarquinium
631 3059 762 3145 ejectum
778 3059 914 3126 Porsena
924 3061 1058 3148 jubebat

250 3166 418 3250 Accipere,
433 3163 611 3249 ingentique
626 3164 736 3228 urbem
750 3165 912 3232 obsidione
926 3167 1107 3253 premebat:

252 3263 404 3332 AEneadae
420 3267 451 3330 in
467 3265 582 3330 serrum
597 3289 655 3353 pro
670 3265 814 3334 liberrate
828 3271 971 3336 ruebant.

252 3367 339 3432 lllum
355 3367 528 3454 indignanti
542 3370 681 3450 similem,
695 3371 888 3458 similemque
904 3375 1042 3453 minanti,

251 3469 448 3558 Adspiceres,
463 3485 588 3558 pontem
603 3473 731 3538 auderet
746 3474 829 3559 quod
844 3475 960 3540 vellere
975 3475 1100 3555 Cocles,
1221 3482 1283 3540 650

252 3571 292 3636 Et
305 3573 430 3639 fluvium
445 3575 557 3640 vinclis
571 3579 693 3640 innaret
707 3577 819 3642 Cloelia
835 3579 943 3663 ruptis.

254 3676 287 3740 ln
301 3699 421 3742 summo
436 3693 539 3743 custos
554 3679 697 3765 Tarpeiae
713 3680 848 3745 Manlius
864 3681 946 3744 arcis
1073 3764 1076 3772 .

254 3780 362 3845 Stabat
376 3803 435 3866 pro
450 3780 574 3866 templo,
589 3795 619 3846 et
633 3781 790 3867 Capitolia
805 3782 889 3846 celsa
904 3783 1039 3864 tenebat,
1064 3851 1068 3860 ,

253 3879 487 3970 [Romuleoque
501 3907 611 3949 recens
626 3885 776 3950 horrebat
789 3885 875 3970 regia
889 3885 1019 3974 culmo]

255 3985 355 4068 Atque
372 3983 425 4047 hic
439 3987 556 4049 auratis
571 3984 702 4049 volitans
716 3999 880 4069 argenteus
895 4004 987 4048 anser
1221 3999 1281 4056 655

255 4085 551 4162 Porticibusfiallos
565 4089 596 4152 in
611 4086 715 4152 limine
730 4084 841 4151 adesse
855 4087 1007 4154 canebat:

254 4185 336 4252 Galli
350 4209 408 4272 per
422 4183 531 4254 dumos
545 4189 685 4271 aderant,
700 4209 866 4280 arcemque
881 4189 1037 4272 tenebant,
