2978 5124
212 529 270 596 366
648 513 836 578 mutuos

260 681 301 746 Et
315 675 425 764 procul
439 679 471 740 in
485 685 608 740 tenuem
623 693 664 738 ex
678 674 776 740 oculis
790 676 916 740 evanuit
929 691 1047 738 amani.

262 781 428 869 Agnovere
443 780 535 845 deum
550 799 699 864 proceres
712 778 881 863 divinaque
895 777 958 842 tela

260 884 465 962 Dardanidas,
479 883 721 968 pharetramque
736 883 807 967 iugi
822 881 948 946 sensere
963 889 1134 944 sonantem.
1232 879 1295 940 660

264 987 348 1074 Ergo
362 985 489 1052 avidum
503 1007 615 1072 pugnae
630 983 722 1048 dictis
738 1005 776 1048 ac
791 987 915 1048 numine
932 981 1043 1048 Pboebi

264 1090 432 1154 Ascanium
448 1087 636 1173 prohibent:
660 1090 720 1172 ipsi
735 1091 767 1150 in
781 1088 952 1150 certamina
965 1105 1071 1149 nrrsus

265 1189 451 1270 Succedunt,
466 1191 645 1274 animasque
661 1191 690 1252 in
706 1202 815 1275 aperta
830 1188 969 1274 pericula
984 1188 1116 1252 mittunt.

265 1294 293 1359 lt
307 1292 426 1358 clamor
439 1292 510 1356 totis
524 1313 581 1376 per
595 1290 828 1376 propugnacula
845 1294 958 1354 muris:

266 1395 431 1461 intendunt
445 1415 534 1460 acres
549 1413 651 1473 arcus,
665 1405 850 1478 amentaque
865 1405 1021 1476 torquent.
1234 1391 1298 1449 666

268 1499 420 1564 Sternitur
430 1487 524 1562 omne
539 1496 637 1561 solum
651 1497 741 1560 telis:
764 1509 828 1560 tum
842 1509 930 1560 scuta
944 1515 1094 1578 cavaequc

265 1599 353 1666 Dant
366 1601 497 1664 sonitum
513 1599 596 1662 flictu
610 1596 726 1683 galera:
747 1617 850 1683 pugna
864 1618 975 1682 aspera
989 1599 1105 1684 surgit3

267 1704 408 1786 Quantus
424 1703 467 1766 ab
481 1723 595 1765 occasu
609 1701 736 1764 veniens
750 1698 940 1785 pluvialibus
955 1698 1067 1762 Hadis

268 1807 429 1873 Verberat
444 1805 545 1868 imber
559 1803 702 1883 humum
724 1804 816 1888 quam
831 1802 926 1866 mults
940 1799 1091 1888 grandine
1106 1798 1203 1864 nimbi

268 1911 304 1976 lu
318 1909 400 1976 vada
416 1911 622 1994 praecipitant,
637 1929 730 1992 quum
744 1908 866 1992 Jupiter
880 1905 1025 1971 horridus
1040 1905 1152 1969 austris
1236 1905 1300 1966 670

268 2011 409 2096 Torquet
422 2030 571 2094 aquosam
586 2010 730 2088 hiemem,
745 2021 775 2071 et
789 2007 869 2072 coelo
884 2027 965 2071 cava
979 2003 1087 2070 nubila
1100 2005 1228 2089 rumpit.

312 2113 474 2178 Pandarus
489 2125 519 2176 et
535 2111 643 2192 liitias,
658 2110 742 2176 ldaeo
756 2108 912 2175 Alcanore
927 2108 1015 2187 creti,

267 2217 355 2301 Quos
368 2217 456 2280 ,lovis
470 2215 578 2280 eduxit
592 2213 662 2279 luco
677 2213 826 2279 silvestris
841 2215 928 2292 laera,

268 2319 433 2385 Abietibus
444 2319 576 2404 juvenes
590 2320 702 2403 patriis
717 2329 749 2380 et
763 2315 917 2380 montibus
932 2335 1045 2398 equos,

269 2421 404 2501 Portam,
419 2439 485 2505 qua
500 2419 588 2483 ducis
602 2420 732 2504 imperio
747 2421 921 2501 commissa,
934 2415 1099 2481 recludunt
1237 2421 1301 2482 675

267 2524 353 2589 Freti
367 2523 470 2602 armis,
485 2521 627 2604 ultroque
642 2524 774 2586 invitant
787 2521 940 2586 moenibus
955 2519 1086 2584 hostem.

268 2626 332 2711 lpsi
348 2626 428 2692 intus
442 2623 555 2689 dextri
570 2643 607 2688 ac
624 2622 702 2688 lava
716 2645 775 2710 pro
788 2623 925 2688 turribus
940 2619 1073 2702 adstant,

268 2729 391 2792 Armati
406 2728 499 2806 ferro,
513 2738 544 2789 et
557 2725 659 2790 cristis
673 2725 777 2810 capita
791 2722 855 2789 alta
868 2727 1009 2788 corusci:

269 2827 386 2910 Quales
401 2829 494 2892 adrias
510 2827 659 2912 liquentia
674 2827 799 2891 flumina
813 2830 942 2905 circum,

270 2931 343 2996 Sive
358 2929 436 2996 Padi
452 2931 537 3016 ripis,
551 2927 692 2994 Athesim
706 2949 760 2993 seu
775 2941 903 3015 propter
917 2949 1081 3009 omnum,
1242 2935 1305 2996 666

270 3033 468 3120 Consurgunt
481 3029 610 3120 &minas
626 3053 769 3118 quercus,
783 3035 967 3118 intonsaque
981 3030 1062 3096 coelo

269 3135 422 3201 Attollunt
435 3136 548 3220 capita,
563 3147 594 3199 et
608 3133 732 3198 sublimi
746 3137 866 3198 vertice
880 3145 997 3199 nutant.

269 3239 456 3324 irrumpunt,
470 3235 573 3300 aditus
589 3235 695 3300 Rutuli
709 3248 744 3299 ut
757 3234 867 3300 vidire
881 3247 1033 3321 patentes.

269 3337 426 3406 Continuo
441 3338 613 3421 Quercens,
627 3351 659 3402 et
672 3336 805 3424 pulcher
820 3337 991 3424 Aquiculus
1006 3339 1111 3418 armis,

271 3441 312 3507 Et
325 3461 468 3528 praeceps
483 3440 575 3504 animi
591 3439 735 3520 Tmarus,
749 3453 780 3503 et
796 3439 967 3505 Mavortius
983 3439 1128 3518 Hoemon,
1241 3445 1304 3504 665

271 3542 455 3630 Agminibus
469 3543 540 3605 totis
555 3553 608 3604 aut
622 3543 705 3604 versi
720 3551 809 3626 terga
822 3539 950 3619 dedice,

271 3647 334 3709 Aut
348 3647 416 3730 ipso
431 3657 528 3730 portae
543 3641 676 3728 posudrc
691 3643 722 3706 in
737 3642 842 3708 limine
856 3643 962 3708 vitam.

269 3745 352 3810 Tum
367 3748 465 3833 magis
479 3747 653 3810 increscunt
666 3745 775 3810 animis
789 3743 985 3810 discordibus
997 3746 1070 3826 iree3

271 3849 311 3912 Et
320 3849 387 3934 jam
402 3849 525 3916 collecti
539 3849 642 3914 Trois
655 3847 863 3936 glomerantur
877 3848 997 3928 eodem,

271 3949 312 4014 Et
326 3951 468 4016 conferre
482 3971 607 4016 manum
622 3965 652 4015 et
665 3971 851 4036 procurrere
865 3948 985 4036 longius
1000 3949 1126 4018 audent.

310 4049 444 4118 Ductori
459 4052 567 4120 Turno
580 4051 706 4118 diversi
720 4053 751 4118 in
765 4063 855 4138 parte
868 4051 992 4131 muno,

268 4152 489 4242 Turbantique
503 4157 596 4236 siros,
610 4155 904 4244 perfusorumque
918 4153 1037 4222 bostem
