2956 5132
196 487 253 555 tor
631 483 818 550 ammos

241 639 383 728 Ingemit,
397 653 437 724 et,
452 633 594 728 duplices
608 639 737 706 tendens
753 639 794 706 ad
808 637 914 707 sidera
927 637 1059 726 polmus,

241 742 336 808 Talia
349 765 427 808 voce
441 745 554 809 referte
576 743 606 808 0
619 755 728 828 terque
743 757 914 829 quaterque
929 743 1014 808 beati

242 845 340 928 Queis
354 858 426 910 ente
440 865 496 910 ora
510 857 643 932 petrum,
657 845 762 932 Trojae
776 845 835 910 suh
849 845 1002 910 moenibus
1018 842 1098 922 altis,
1226 849 1266 908 95

242 946 382 1034 Contigit
394 951 559 1034 oppetere!
581 947 772 1014 ODanatim
787 948 952 1014 fortissime
966 949 1066 1034 gentis

245 1047 385 1136 Tydide,
398 1070 487 1114 mene
504 1047 609 1114 Iliacis
621 1049 810 1114 occumbere
824 1053 945 1134 campis

244 1151 315 1218 Non
329 1156 476 1238 potuisse,
490 1151 603 1237 tuaque
618 1155 752 1216 animam
767 1150 849 1216 hanc
864 1149 1021 1216 effundere
1035 1149 1156 1231 derbi,

246 1254 353 1320 sevus
367 1253 421 1318 ubi
437 1252 575 1318 AEacidre
590 1251 652 1317 telo
662 1254 748 1339 jacet
763 1253 963 1342 Hector,uhi
979 1255 1086 1340 ingens

245 1355 485 1442 Sarpedon,ubi
499 1367 544 1420 tot
558 1357 669 1420 Simois
682 1367 829 1440 correpta
842 1355 902 1418 suh
916 1353 1007 1418 undis
1207 1359 1267 1417 100

245 1457 338 1522 Scuta
353 1458 454 1523 virtim
468 1455 635 1544 galeasque
648 1467 681 1522 et
695 1457 788 1520 sortia
801 1476 936 1540 corpora
950 1453 1064 1520 volvit!

286 1560 380 1625 Talia
389 1563 521 1648 jactanti
535 1558 668 1630 stridens
682 1555 827 1642 aquilone
840 1555 981 1642 procella

243 1661 360 1730 Velum
375 1664 508 1730 adversa
521 1665 603 1744 ierit,
617 1663 787 1746 fluctusque
802 1659 844 1724 ad
858 1658 963 1724 sidera
977 1658 1068 1724 tollit.

245 1766 439 1853 Franguntur
452 1768 548 1832 remi:
570 1779 634 1830 turn
648 1785 743 1852 prora
757 1765 879 1842 evertit,
893 1775 925 1826 et
938 1761 1030 1828 undis

244 1867 310 1934 Dat
324 1866 420 1948 latus;
441 1870 613 1952 insequitur
625 1863 749 1930 cumulo
762 1875 937 1950 promptus
951 1885 1041 1949 aque
1055 1883 1154 1928 mons.
1209 1867 1266 1931 101

244 1969 292 2034 Hi
307 1991 424 2036 suntmo
437 1971 470 2033 in
484 1969 579 2034 fluctu
591 1967 745 2054 pendent;
766 1965 815 2030 his
828 1964 913 2030 unda
926 1964 1092 2028 dehiscens

244 2070 376 2136 Terram
391 2071 595 2136 intertinctus
611 2073 729 2158 aperit:
752 2070 825 2134 furit
839 2078 930 2134 tesius
945 2063 1059 2132 arenis·
1183 2083 1187 2088 '

243 2171 324 2238 Tres
339 2171 437 2238 Notos
452 2172 599 2258 abreptas
613 2174 645 2236 in
658 2191 739 2236 saxa
753 2168 880 2234 latentia
895 2181 1034 2255 torquet:

245 2273 331 2338 Saxa
345 2287 458 2340 vocant
473 2272 544 2338 Itali
557 2271 668 2338 mediis
683 2293 752 2357 quae
766 2275 798 2336 in
814 2270 958 2336 fluctibus
972 2272 1063 2351 Aras,

243 2375 380 2442 Dorsum
394 2379 528 2442 immane
542 2380 622 2442 mari
637 2391 766 2442 statmo.
789 2373 870 2440 Tres
885 2373 987 2440 maus
1002 2375 1044 2440 ab
1058 2371 1121 2440 sito
1209 2381 1269 2442 110

241 2477 277 2544 ln
291 2478 401 2544 brevia
411 2491 445 2544 et
459 2491 563 2564 syrtes
577 2491 675 2564 urget,
690 2475 871 2542 miserabile
886 2480 965 2558 visu,

243 2579 400 2667 liiiditque
413 2579 514 2661 vadis,
528 2592 621 2665 atque
636 2599 748 2666 agere
762 2582 859 2666 cingit
874 2601 990 2646 arene.

244 2679 357 2762 Unam,
372 2703 440 2768 qute
455 2681 575 2768 Lycios
588 2679 746 2768 fidumque
759 2682 896 2748 vehebat
910 2683 1071 2766 Orontem,

243 2784 343 2871 ipsius
358 2798 429 2850 ante
443 2782 549 2850 oculos
563 2788 671 2872 ingens
684 2805 706 2850 a
719 2785 837 2852 vertice
850 2800 962 2874 pontus

243 2886 278 2952 ln
292 2890 421 2975 puppim
434 2887 524 2969 feritr
542 2891 902 2976 exercituumque
916 2894 1065 2978 magister
1207 2898 1266 2958 tta

242 2987 389 3056 Volvitur
402 2993 435 3055 in
450 3003 562 3078 nepote
582 3002 631 3056 est
644 2989 731 3058 illam
745 3005 792 3056 ter
805 2992 916 3058 ilucnrs
929 2994 1050 3060 ibidem

242 3091 384 3178 Torquet
397 3113 492 3181 agens
505 3091 635 3176 circum,
648 3107 681 3160 et
693 3093 823 3182 rapidus
837 3109 928 3162 vorat
939 3117 1067 3183 aequorc
1081 3108 1203 3162 vortex.

242 3196 404 3281 Apparert
417 3197 483 3260 rari
496 3208 605 3260 nantes
619 3199 652 3262 in
665 3200 785 3284 gqrgite
799 3211 905 3264 vastoz

242 3301 340 3363 Arme
354 3297 465 3378 virum,
479 3293 665 3384 taboteqre,
678 3313 710 3364 et
724 3301 914 3388 Troiugena
927 3323 986 3388 per
1000 3301 1110 3370 undas.

242 3401 316 3466 Jam
329 3398 466 3466 validam
482 3397 591 3466 llionei
604 3420 725 3484 navem,
734 3404 802 3490 jam
816 3403 904 3468 fortis
918 3405 1057 3486 Achate,
1207 3409 1267 3472 100

243 3502 284 3567 Et
299 3502 479 3588 quivectus
493 3503 711 3590 Abanerqet
724 3503 907 3592 ffantlevus
920 3505 1038 3588 Aletes,
1214 3503 1221 3518 ⁸

244 3603 333 3669 Vicit
346 3603 463 3668 hiems:
486 3603 566 3669 laxis
579 3604 712 3670 laterum
725 3607 927 3695 compagibus
941 3631 1048 3678 omues

244 3705 411 3791 Accipiunt
425 3710 583 3774 inimicum
597 3708 739 3790 imbrem,
752 3713 901 3797 rimisque
916 3713 1073 3780 fatiscmt.

288 3806 408 3874 interea
420 3829 533 3895 magalo
545 3813 672 3898 misceri
686 3831 842 3876 murmure
855 3825 993 3897 pontum,

244 3907 458 3994 Emissamque
472 3909 604 3978 hiemem
619 3916 714 3978 sensit
727 3912 898 3998 NepttrnuS,
912 3927 943 3980 et
957 3919 1027 3981 imis
1207 3924 1265 3984 125

244 4013 360 4096 Stagna
373 4012 478 4077 refusa
490 4013 591 4096 vadis,
603 4018 743 4100 graviter
752 4029 943 4096 muretus,
964 4029 996 4082 et
1010 4016 1073 4084 alto

244 4112 450 4200 Prospiciens,
462 4115 583 4181 smmi
595 4115 755 4202 placidum
769 4129 864 4203 caput
877 4116 989 4186 entulit
1002 4119 1096 4186 rmdh.
