2956 5132
617 495 902 560 GEORGICORUM
1033 527 1038 538 ·

266 646 416 741 Omnibus
431 661 500 714 acta
513 651 577 714 sitis
588 651 716 714 miseros
731 649 902 714 adduxerat
916 664 1008 728 artrrs,

265 753 384 821 Rursus
399 755 571 820 abundabat
585 753 696 819 fluidus
710 754 818 839 liquor,
833 757 995 842 omnisque
1010 756 1086 822 inse

266 861 346 926 Ossa
361 862 529 926 minutatim
544 860 650 926 morbo
664 860 798 946 coiiapst
813 862 962 928 trabcbnt.

265 963 354 1050 Sept
370 967 400 1030 in
415 966 529 1032 honore
546 964 639 1031 deiun
654 966 756 1030 medio
771 981 853 1032 stuns
866 966 966 1032 hostia
980 965 1020 1032 ad
1035 987 1130 1046 mm,

265 1071 374 1138 Lanos
388 1072 461 1135 dum
476 1068 565 1134 nivet
579 1070 784 1136 circumdatur
798 1069 892 1136 iniuls
907 1071 989 1152 viui,

263 1175 346 1243 inter
360 1187 538 1240 cunctantes
553 1176 666 1242 cecidit
680 1176 861 1242 moribunda
875 1177 1036 1246 ministros.

264 1284 329 1349 Aut
343 1283 368 1347 si
384 1301 475 1366 quum
490 1281 571 1346 ferro
586 1297 771 1348 mactsreret
780 1281 855 1352 aute
871 1285 1026 1362 sacerdos,

266 1387 342 1452 indis
357 1406 458 1474 neque
473 1387 619 1474 impositis
635 1388 743 1452 ardent
757 1388 862 1452 altaria
876 1387 968 1464 tibris,

265 1493 337 1559 Nec
352 1512 497 1579 responsa
512 1504 611 1578 potest
625 1493 780 1556 consultus
794 1492 926 1557 reddere
941 1505 1048 1573 vntes3

265 1596 315 1661 Ac
328 1598 381 1661 vix
396 1597 541 1682 suppositi
556 1598 707 1681 tinguntur
722 1597 867 1680 sanguine
882 1597 981 1675 cultri,

265 1703 455 1786 Summaque
465 1700 573 1788 jejuni
587 1701 670 1764 sanie
685 1698 850 1766 miuscstur
865 1723 969 1768 mena.

265 1805 348 1874 Hinc
363 1808 437 1874 letis
450 1807 534 1870 vitsdi
548 1806 639 1890 vulgo
653 1808 820 1872 moriuntur
834 1809 864 1871 in
881 1808 993 1900 herbis,

267 1913 311 1980 Et
326 1914 433 1980 dulces
444 1914 559 1977 animas
575 1912 664 1996 plena
679 1913 718 1976 ad
733 1913 880 1998 presepia
895 1913 1037 1977 reddunt.

267 2017 350 2086 Hinc
365 2017 491 2083 cunibus
504 2017 623 2082 blandis
638 2017 738 2080 rsbies
752 2017 853 2094 venit;
875 2030 906 2080 st
920 2018 1015 2102 quatit
1029 2038 1124 2104 egros

266 2123 376 2191 Tussis
391 2123 500 2188 anhela
515 2143 596 2199 sues,
612 2142 649 2187 sc
665 2120 802 2186 saucibus
817 2123 899 2206 angit
913 2122 1025 2186 obesis.

268 2229 394 2296 Labitur
410 2229 526 2307 infelix,
542 2229 709 2294 surdiorum
725 2243 816 2314 utque
830 2229 990 2294 immemor
1002 2231 1114 2310 herbo,

268 2335 376 2402 Victor
391 2357 498 2420 equus,
514 2332 673 2417 sontesque
688 2333 841 2409 sverfitur,
857 2346 889 2397 et
903 2335 984 2418 pede
998 2348 1111 2400 terrem

266 2442 386 2509 Crebra
400 2438 491 2504 serite
514 2437 653 2500 demisse
668 2457 780 2513 emes3
802 2440 935 2502 incertus
950 2439 1064 2506 ibidem

268 2548 381 2622 Sudor,
397 2558 429 2609 et
442 2544 493 2608 ille
508 2542 633 2627 quidem
647 2543 798 2606 morituris
813 2541 954 2628 frigidus:
977 2563 1043 2619 eret

266 2647 373 2727 Petite,
388 2661 420 2712 et
434 2648 474 2712 ed
488 2659 603 2711 nomm
618 2647 756 2710 tractanti
773 2645 848 2711 dura
863 2650 983 2715 resistit

267 2755 346 2822 Hoc
361 2768 431 2819 ante
446 2753 572 2818 exitium
587 2751 691 2837 primis
706 2752 779 2818 dent
793 2755 878 2838 signs
894 2757 1025 2822 diebus:

269 2861 325 2928 Sin
340 2864 370 2926 in
385 2880 530 2948 processu
545 2858 640 2944 ctepit
653 2859 836 2925 crudescere
851 2863 985 2940 morbus,

268 2962 353 3032 Tum
368 2964 442 3028 verb
457 2965 599 3035 ardentes
613 2963 706 3043 oculi,
722 2977 812 3050 atque
828 2978 971 3032 attractus
986 2969 1025 3032 sb
1040 2970 1101 3034 alto

269 3071 399 3158 Spiritus
414 3071 565 3135 interdum
577 3073 690 3154 gemitu
705 3073 814 3154 mesu,
830 3074 951 3160 itusque
967 3075 1057 3159 longo

267 3177 323 3244 Ilia
334 3177 463 3262 singultu
478 3176 627 3256 tendunt;
650 3177 673 3241 it
686 3177 808 3242 naribus
823 3192 888 3244 ater

269 3281 410 3368 Sanguis,
427 3295 459 3346 et
472 3280 612 3346 obsesses
627 3279 732 3346 ieucss
746 3283 856 3366 premit
871 3305 979 3370 aspera
993 3286 1103 3374 iiugua.

269 3385 390 3454 Profuit
404 3389 515 3452 inserto
529 3387 635 3452 latices
650 3385 809 3452 infundere
824 3409 919 3454 comu

268 3491 422 3561 Leueos:
444 3514 482 3558 ea
496 3494 560 3560 viss
574 3492 655 3556 seius
670 3495 864 3560 morientibus
879 3517 950 3562 une.

269 3599 347 3665 Mox
363 3612 428 3664 erut
443 3598 502 3663 boc
516 3601 615 3682 ipsum
631 3598 734 3678 exitio,
751 3597 895 3687 furiisque
911 3601 1019 3668 reiecti

270 3703 451 3782 Ardebant3
473 3703 590 3788 ipsique
606 3723 687 3780 suos,
698 3703 763 3789 jem
779 3721 876 3771 morte
891 3686 1051 3793 subegit,

273 3806 332 3895 (Di
345 3807 471 3872 meliora
485 3807 553 3893 piis,
569 3827 764 3892 erroremque
780 3809 914 3873 hostibus
929 3811 1048 3896 illumi)

273 3909 426 3976 Discissos
440 3912 528 3976 nudis
543 3910 695 3975 laniabant
709 3912 849 3977 dentibus
864 3927 955 3978 srtus.

316 4013 405 4080 Ecce
417 4029 519 4080 autern
535 4014 612 4080 duro
628 4013 746 4082 fumans
761 4017 816 4081 sub
832 4037 955 4082 vomere
971 4033 1074 4086 taurus

271 4121 425 4197 Concidit,
442 4133 473 4183 et
488 4121 615 4185 mixtum
631 4123 744 4206 spumis
758 4123 851 4186 vomit
864 4142 918 4186 ore
934 4144 1085 4206 cruorem,

273 4227 499 4310 Extremosque
514 4225 576 4290 ciet
589 4228 741 4310 gemitus:
763 4227 786 4292 it
801 4226 890 4294 tristis
901 4244 1010 4308 arator,

1228 3503 1294 3566 oto
