2978 5124
490 417 525 468 gr

523 473 568 630 *q
690 533 807 594 ursan
826 527 863 594 x.

285 687 464 756 Dardanius
477 700 572 775 caput
587 707 661 752 eous
672 685 754 773 'puer
767 684 908 750 dmectus
923 685 1096 766 honesturn,

286 793 393 876 Qualis
406 785 540 880 gemma,
555 789 659 870 micat,
673 789 791 854 iolcum
806 809 875 872 qum
890 787 1004 853 dividit
1018 809 1139 869 aurum,
1258 811 1263 832 ¹

286 899 347 960 Aut
360 893 444 960 collo
457 893 567 974 decus,
581 906 635 958 aut
648 892 765 978 capiti;
785 891 836 956 vel
852 891 943 978 quale
958 913 1015 979 per
1030 904 1130 957 artem

286 996 438 1062 Inclusum
453 998 548 1078 buxo,
562 1008 616 1066 aut
629 993 737 1060 Oricia
750 995 937 1076 terebintho,

285 1099 385 1164 Lucet
399 1100 494 1164 ebur:
517 1100 601 1163 fusos
614 1099 725 1163 cervix
737 1101 790 1163 cui
804 1097 905 1164 lactea
920 1103 1024 1166 crines

284 1203 420 1287 Accipit,
435 1213 466 1265 et
479 1200 565 1266 mulli
580 1201 765 1268 subnectens
780 1201 914 1264 circulus
934 1221 1022 1267 auro.

284 1303 330 1368 To
346 1325 470 1390 quoque
484 1305 684 1390 magnanima
699 1303 853 1384 viderunt,
869 1305 995 1385 ismara
1009 1317 1117 1392 gentes

284 1407 427 1473 Vulnera
441 1407 587 1493 dirigere,
601 1421 632 1472 et
645 1407 785 1472 calamos
800 1427 925 1471 armare
939 1427 1068 1490 venenu,

285 1509 429 1591 Maeonii,
443 1531 603 1597 generose,
617 1511 728 1590 domo,
748 1509 803 1574 ubi
818 1510 942 1596 pinguia
957 1509 1041 1574 culta

285 1613 505 1698 Exerceutque
518 1614 587 1694 viri,
603 1613 809 1698 Pactolusque
824 1615 930 1701 irrigat
946 1635 1034 1678 auro.

286 1714 381 1780 nffmt
396 1729 427 1780 et
442 1715 634 1795 Mnestheus,
649 1735 741 1801 quem
756 1715 837 1800 pulsi
850 1717 982 1801 pristina
996 1716 1096 1786 Turul
1122 1791 1124 1796 λ

284 1823 407 1906 Aggere
421 1841 578 1885 murorum
593 1818 757 1884 sublimem
771 1818 871 1905 gloria
887 1819 983 1884 tollit:

284 1920 324 1984 Et
338 1922 449 2009 Capys
461 1948 470 2002 3
491 1923 564 1988 binc
579 1943 692 1986 nomen
706 1921 879 2006 Campana
892 1920 1018 1987 ducitur
1032 1921 1116 1986 urbi.
1179 1935 1181 1938 ’
1302 1919 1315 1934 ”

326 2024 374 2089 lili
389 2025 469 2089 inter
483 2047 552 2090 sese
567 2023 638 2088 duri
652 2027 824 2090 certamina
838 2024 914 2090 belli

285 2127 508 2209 Contulerant3
528 2128 631 2194 medii
644 2126 764 2194 AEneas
779 2131 859 2194 luctu
872 2142 964 2195 nocte
979 2131 1118 2195 secabat.

284 2231 428 2317 Namque
443 2246 475 2296 ut
489 2232 531 2296 ab
546 2231 696 2297 Evandro
710 2235 823 2296 castris
838 2231 994 2319 ingressus
1011 2233 1151 2298 Etruscis

285 2335 494 2423 Regemadit,
508 2349 539 2400 et
553 2339 621 2422 regi
636 2351 787 2401 memorat
801 2357 977 2422 nomenque
992 2357 1168 2423 genusque3

283 2437 408 2522 Quidve
423 2451 518 2524 petat,
533 2438 650 2524 quidve
664 2442 732 2524 ipse
746 2439 836 2519 ierat,
852 2439 1027 2504 Mezentius
1040 2460 1130 2504 arma
1158 2425 1160 2427 ¹
1261 2448 1321 2508 150

285 2543 361 2625 Qum
376 2541 437 2605 sibi
452 2539 605 2621 conciliet,
619 2541 819 2626 violentaque
833 2554 962 2625 pectora
977 2542 1087 2624 Turni,

284 2644 423 2724 Educet;
445 2643 587 2708 humanis
602 2663 671 2728 qum
687 2647 726 2707 sit
741 2641 856 2707 fiducia
871 2645 966 2708 rebus

283 2747 461 2829 Admonet,
481 2748 697 2831 immiscetque
711 2767 840 2831 preces:
864 2745 948 2811 baud
964 2747 997 2811 lit
1011 2770 1116 2832 mora3
1138 2748 1267 2816 Tarcho

282 2853 388 2938 Jungit
401 2873 487 2938 opes,
501 2849 664 2934 ioedusque
678 2850 760 2914 ierit.
782 2843 796 2860 “
805 2850 885 2916 Tum
902 2851 1001 2916 libera
1016 2853 1072 2918 lati

283 2954 425 3020 Classem
440 2953 621 3020 conscendit
631 2953 725 3040 jussis
739 2975 815 3040 gens
830 2953 936 3040 Lydia
950 2954 1067 3037 divum,
1259 2965 1320 3024 155

284 3057 424 3122 Externa
437 3056 601 3121 commissa
616 3054 702 3120 duci.
745 3055 856 3121 AEneia
870 3059 983 3144 puppis

284 3161 388 3229 Prima
404 3174 496 3239 tenet,
510 3175 611 3224 rostro
626 3159 780 3246 Phrygios
794 3161 959 3247 subjuncta
974 3161 1096 3228 leones:

284 3263 425 3330 imminet
440 3263 497 3328 lda
510 3283 614 3348 super,
628 3261 766 3348 profugis
780 3264 956 3348 gratissima
970 3265 1115 3332 Teucris.

285 3367 351 3432 Hic
365 3387 495 3454 maguus
510 3366 598 3430 sedet
613 3364 738 3442 AEueas,
752 3387 919 3452 secumque
933 3367 1052 3434 volutat

283 3471 423 3536 Eventus
437 3469 514 3536 belli
527 3469 652 3533 varios:
676 3467 851 3553 Pallasque,
866 3471 990 3536 sinistro
1259 3473 1321 3544 160

284 3575 403 3642 Affixus
418 3575 517 3654 lateri,
527 3576 594 3661 jam
609 3575 719 3659 querit
733 3574 849 3655 sidera,
863 3597 971 3662 opaca

284 3679 392 3744 Noctis
407 3682 478 3759 iter,
487 3679 555 3766 jam
570 3697 640 3763 quae
654 3699 763 3763 passus
778 3677 923 3763 terraque
937 3684 1091 3764 marique.

326 3782 460 3848 Pandite
474 3803 555 3846 nuuc
571 3781 738 3862 Helicona,
755 3780 839 3859 Dea,
853 3795 1025 3868 cantusque
1039 3797 1180 3868 movete;

283 3887 360 3969 Quae
377 3907 487 3951 manus
501 3886 618 3950 interea
632 3885 744 3950 Tuscis
757 3884 921 3950 comitetur
935 3885 977 3950 ab
991 3887 1054 3952 oris

284 3987 415 4068 AEoean,
428 4001 591 4073 armetque
605 4001 699 4068 rates,
712 3985 886 4073 pelagoque
900 3987 1044 4055 uebatur.
1261 4004 1321 4066 165

327 4093 481 4158 Massicus
495 4089 590 4155 arati
602 4092 749 4176 princeps
763 4101 849 4154 secat
863 4111 989 4175 aequora
1005 4091 1108 4179 Tigri:

286 4196 351 4262 Sub
366 4217 428 4284 quo
441 4195 528 4262 mille
542 4215 649 4261 manus
660 4193 820 4280 juvenum,
834 4194 888 4280 qui
902 4199 1017 4264 moenia
1032 4197 1132 4284 Clusi,
1272 4227 1283 4252 ·
