2956 5132
647 519 762 580 LIBER
780 521 816 580 ll.

238 666 358 732 Extulit
373 686 412 730 ac
427 665 518 730 lateri
532 665 648 752 capulo
662 681 749 732 tenus
764 668 888 735 abdidit
902 691 1017 736 ensem.

238 773 318 836 Hac
334 771 403 836 finis
418 771 534 834 Priami
549 772 699 850 latorum5
721 772 772 836 hic
788 776 890 838 exitus
904 772 991 838 illum

238 876 328 938 Sorte
343 875 419 954 tulit,
434 875 565 961 Trojam
579 877 738 940 incensam
752 890 784 939 et
797 876 945 962 prolapsa
960 877 1117 943 videntem
1203 885 1265 943 555

241 977 398 1063 Pergama,
414 989 459 1040 tot
473 975 630 1061 quondam
644 975 768 1061 populis
784 982 935 1064 terrisque
949 980 1116 1064 superbum

240 1077 447 1166 Regnatorcm
463 1081 556 1142 Asia.
578 1079 670 1142 lacet
684 1081 795 1164 ingens
810 1077 911 1154 littore
925 1093 1062 1161 truncus,

242 1184 450 1268 avulsumque
466 1183 603 1247 humeris
618 1195 722 1268 caput,
737 1163 768 1246 et
782 1186 849 1246 sine
863 1188 985 1249 nomine
999 1205 1123 1271 corpus.

277 1293 318 1355 At
332 1313 384 1356 me
400 1305 466 1354 tum
478 1289 612 1376 primirm
627 1311 724 1355 savus
738 1294 942 1358 circumstetit
955 1293 1084 1358 horror:

237 1395 409 1480 Obstupui:
432 1395 527 1457 subiit
542 1397 610 1458 cari
624 1395 772 1480 genitoris
787 1396 899 1479 imago,
1200 1402 1264 1464 560

241 1493 280 1560 Ut
294 1519 400 1583 regem
415 1513 589 1581 aequaevum
604 1495 726 1559 crudeli
739 1492 867 1560 vulnere
882 1495 948 1559 vidi

240 1597 345 1664 Vitam
361 1597 582 1678 exhalantem
604 1598 699 1661 subiit
712 1596 837 1662 deserta
852 1597 984 1678 Creiisa,

241 1707 278 1771 Et
292 1707 415 1794 direpta
430 1707 550 1786 domus,
565 1720 596 1772 et
610 1710 701 1791 parvi
716 1727 807 1772 casus
823 1705 891 1771 liili.

243 1809 396 1896 Respicis,
411 1825 441 1875 et
456 1833 526 1895 quae
542 1814 582 1874 sit
596 1831 646 1874 me
660 1813 778 1874 circum
793 1814 886 1896 copia
897 1809 1003 1876 lustro.

238 1909 414 1978 Deserudre
428 1934 536 1977 omnes
550 1911 675 1991 defessi,
690 1925 719 1976 et
734 1933 867 1998 corpora
881 1913 961 1978 saltu

239 2015 285 2080 td
300 2029 417 2081 terram
430 2015 555 2094 misere,
570 2027 622 2080 aut
637 2015 759 2101 ignibus
774 2035 858 2100 aegra
872 2015 1002 2080 dedice.

276 2117 412 2202 Jamque
427 2115 508 2180 aded
522 2137 616 2201 super
629 2137 708 2180 unus
723 2137 829 2195 eram3
851 2138 945 2201 quum
961 2116 1067 2181 limina
1082 2117 1187 2182 veste

239 2221 420 2285 Servantem
434 2231 465 2284 et
478 2223 606 2284 tacitam
620 2219 742 2284 secreta
757 2224 788 2284 in
804 2218 878 2284 sede
894 2219 1039 2286 latentem

237 2321 427 2410 Tyndarida
442 2321 597 2406 adspicio:
619 2321 695 2386 dant
709 2321 796 2386 clara
811 2322 956 2387 incendia
972 2321 1072 2389 lucem

237 2425 375 2504 Erranti,
389 2427 564 2510 passimque
578 2425 685 2490 oculos
699 2446 758 2511 per
770 2438 883 2490 cuncta
899 2427 1020 2491 ferenti.
1202 2435 1265 2494 570

239 2527 295 2596 llla
310 2529 374 2592 sibi
389 2527 514 2592 infestas
529 2549 640 2593 eversa
654 2529 696 2594 ob
713 2529 864 2616 Pergama
878 2529 1028 2612 Teucros,

239 2632 277 2696 El
289 2651 401 2719 poenas
416 2630 571 2710 Danaum,
586 2646 616 2695 et
631 2631 748 2696 deserti
762 2634 901 2718 conjugis
916 2635 989 2714 iras,

240 2733 455 2816 Pammetuens,
470 2735 573 2822 Trojar
588 2751 619 2800 et
634 2739 744 2821 patriae
760 2740 932 2802 communis
947 2737 1096 2824 Erinnys,

239 2837 414 2904 Abdiderat
429 2860 508 2918 sese,
522 2851 616 2923 atque
631 2841 694 2903 aris
709 2841 810 2903 invisa
824 2838 966 2904 sedebat.

238 2939 395 3006 Exarsere
409 2945 498 3026 ignes
512 2945 633 3019 anim0;
655 2937 738 3004 subit
752 2944 800 3005 ira
814 2941 978 3006 cadentem
1202 2951 1262 3010 575

239 3039 356 3108 Ulcisci
370 3046 517 3129 patriam,
533 3054 563 3106 et
577 3041 746 3106 sceleratas
761 3063 882 3108 sumere
897 3063 1016 3128 poenas.

241 3145 363 3212 Scilicet
379 3146 445 3211 lraec
462 3149 605 3232 Spartam
620 3142 783 3210 incolumis
798 3149 978 3232 patriasque
990 3148 1144 3234 Mycenas

239 3248 408 3335 Adspiciat,
422 3263 573 3334 partoque
588 3248 647 3311 ibit
660 3251 768 3334 regina
782 3249 959 3334 triumpho?

239 3352 494 3440 conjugiumque,
508 3350 704 3436 domumque,
718 3365 833 3437 patres,
848 3363 1007 3436 natosque,
1021 3352 1151 3434 videbit,

239 3454 369 3520 iliadum
385 3455 477 3519 turba
491 3469 522 3518 et
537 3454 686 3540 Phrygiis
702 3457 849 3523 comitata
863 3457 1032 3520 ministris?
1109 3509 1114 3516 .
1202 3463 1263 3522 580

239 3557 398 3624 Occiderit
413 3557 497 3622 ferro
512 3557 674 3621 Priamus?
695 3557 792 3643 Troja
807 3560 919 3621 arserit
934 3559 1019 3644 ignil

239 3659 435 3726 Dardanium
450 3662 540 3722 toties
554 3657 673 3722 sudarit
687 3662 835 3745 sanguine
850 3657 955 3722 littusl

240 3759 311 3826 Non
324 3763 377 3840 ita,
393 3781 526 3844 namque
541 3762 598 3823 etsi
613 3756 729 3844 nullum
743 3757 946 3823 memorabile
961 3779 1074 3824 nomen

239 3863 265 3928 F
266 3864 398 3928 oeminea
411 3867 444 3928 in
459 3863 551 3948 poenai
566 3875 622 3942 est,
635 3883 693 3927 nec
709 3861 805 3928 habet
820 3863 951 3925 victoria
967 3860 1100 3945 laudem,

236 3965 418 4030 Extinxisse
432 3964 520 4028 nefas
534 3977 646 4044 tamen,
661 3977 692 4028 et
705 3965 872 4048 sumpsisse
887 3967 1033 4028 merentis
1203 3979 1264 4038 505

237 4067 411 4134 laudabor
424 4087 550 4151 pmnas3
572 4069 769 4151 animumque
784 4063 927 4150 explesse
938 4067 1061 4152 juvabit

238 4167 370 4236 Ultricis
386 4167 528 4249 tamne,
542 4181 574 4234 et
587 4171 709 4236 cineres
724 4165 855 4234 satiisse
868 4189 1017 4235 meorum.
