2846 5102
166 495 205 558 38.
560 492 846 560 osonotcoltont

209 639 252 706 Et
267 643 318 729 qui
334 646 485 729 proscisso
502 665 569 729 que
585 646 710 710 suscitat
726 666 849 731 equore
864 659 952 731 terga

209 749 336 814 Rursus
344 751 374 814 in
390 750 544 834 obliquum
560 771 650 814 verso
665 753 835 835 perrumpit
850 767 961 830 araon,

209 851 408 938 Exercetque
423 853 567 939 frequens
582 853 733 932 tellurem,
749 869 841 940 atque
857 857 987 941 imperat
1002 858 1091 926 arvis.

252 957 389 1022 Humida
405 958 528 1024 solstitia
544 973 635 1043 atque
651 959 769 1024 hiemes
784 974 874 1024 orate·
886 981 1022 1042 serenas,
1175 969 1237 1030 100

207 1065 357 1150 Agricola
371 1087 381 1144 ς
404 1066 531 1129 bibemo
546 1065 698 1130 letissima
713 1067 840 1149 pulvere
857 1065 949 1146 farra,

207 1169 311 1234 Letoa
327 1191 419 1256 ager:
442 1169 525 1234 nullo
536 1169 652 1235 tantiam
667 1191 701 1234 so
717 1171 819 1257 Mysia
835 1173 920 1238 onitu
1010 1229 1020 1248 .

207 1275 318 1354 Jaotat,
334 1290 365 1340 et
376 1277 442 1360 ipsa
458 1297 529 1340 suas
543 1277 689 1342 mirantur
705 1276 846 1362 Gargara
860 1299 988 1344 messes.

251 1381 336 1456 Quid
353 1382 465 1461 dicam,
478 1381 563 1467 jacto
579 1382 631 1467 qui
647 1382 764 1448 semine
779 1384 951 1450 comminus
966 1405 1039 1448 arua

206 1487 388 1573 Insequitur,
404 1489 603 1572 cumulosque
618 1487 678 1552 ruit
692 1488 771 1552 male
786 1488 907 1573 pinguis
919 1510 1039 1569 areue;
1174 1495 1251 1566 105,
1271 1557 1276 1570 ,

205 1591 331 1657 Deinde
344 1594 415 1658 satis
430 1593 556 1656 fluvium
572 1591 689 1656 inducit
704 1593 846 1677 rivosque
861 1603 1050 1678 sequentes}

198 1697 260 1776 Et,
276 1719 369 1783 quum
386 1713 511 1762 exustus
526 1719 599 1782 ager
613 1699 811 1763 morientibus
827 1712 931 1764 aestuat
946 1700 1060 1779 barbis,

207 1801 296 1868 Ecce
312 1802 472 1889 supercilio
488 1803 592 1868 clivosi
608 1803 734 1868 tramitis
750 1803 863 1868 undam

157 1967 161 1972 .
207 1907 327 1974 Elicit?
352 1910 401 1973 iila
417 1909 532 1974 cadens
548 1893 676 1973 raucum
691 1929 747 1994 per
762 1908 843 1973 levia
857 1930 995 1982 murmur

178 1993 181 2004 ’
207 2015 291 2081 Saxa
307 2018 378 2095 ciet,
394 2017 601 2100 scatebrisque
617 2017 731 2081 arentis
747 2028 897 2099 temperat
909 2037 992 2080 arna.
1173 2023 1235 2084 110

206 2121 303 2200 Quid,
319 2123 380 2206 qui,
395 2145 435 2186 oe
451 2123 583 2206 gravidis
598 2121 779 2203 procumbat
792 2120 913 2186 culmus
928 2123 1035 2202 aristis,

205 2217 375 2291 Luxuriam
391 2241 530 2310 segetum
542 2223 650 2290 teneri
665 2225 804 2308 depascit
819 2227 848 2288 in
865 2224 971 2306 berbi,

206 2329 313 2407 Quum
330 2329 459 2413 primum
476 2330 577 2394 sulcos
592 2345 712 2414 equant
727 2330 819 2395 sata?
844 2332 956 2416 quique
972 2332 1091 2418 paludis

206 2434 380 2498 Collectum
396 2435 556 2498 humorem
572 2433 675 2496 bibula
690 2436 816 2499 deducit
832 2435 935 2512 meni,

84 2539 86 2544 ’
206 2540 379 2608 Praesertim
395 2541 517 2604 incertis
533 2539 557 2602 si
574 2539 730 2603 mensibus
746 2539 843 2604 amuis
859 2539 1016 2606 abundans
1173 2547 1233 2608 115

206 2645 292 2725 Exit,
309 2660 340 2708 et
355 2645 488 2710 obducto
504 2643 563 2709 iat'e
580 2657 665 2710 tenet
680 2645 784 2711 omnia
798 2645 881 2724 limo,
993 2699 996 2705 Δ

206 2751 299 2817 Unde
315 2771 396 2814 cavae
412 2750 517 2834 tepido
533 2751 645 2815 sudant
659 2750 788 2814 humore
805 2750 947 2816 lacuna?

250 2857 320 2922 Nec
331 2871 444 2934 tamen,
458 2855 523 2920 baec
535 2875 629 2939 quum
641 2855 699 2921 siut
710 2855 928 2942 hominumque
944 2856 1098 2943 boumque
1113 2859 1234 2926 laboras

205 2962 366 3028 versando
381 2976 493 3025 terram
506 2960 637 3045 experti,
649 2959 722 3024 nibil
735 2961 890 3046 improbus
905 2983 1005 3042 auset,

207 3066 450 3154 Strymonieque
466 3087 568 3150 grues,
584 3080 615 3131 et
631 3065 741 3132 amaris
753 3067 858 3132 intuba
872 3069 966 3147 fibris,
1171 3075 1233 3136 120

206 3175 363 3251 Officium,
377 3187 428 3236 aut
440 3171 547 3236 umbra
562 3185 665 3236 nocet.
710 3170 806 3238 Peter
821 3174 885 3258 ipse
901 3174 1023 3240 colendi

207 3279 301 3345 Haud
318 3277 439 3342 facilem
455 3297 524 3340 esse
540 3277 619 3342 vium
635 3277 749 3356 voluit;
771 3279 946 3365 primusque
964 3301 1020 3366 per
1035 3294 1132 3348 artem

206 3387 304 3451 Movit
319 3405 417 3470 agros,
433 3383 514 3450 curis
526 3403 640 3447 acuens
654 3384 793 3468 mortalia
808 3387 927 3467 cordu;

207 3491 277 3558 Nec
293 3506 415 3576 torpere
430 3489 514 3574 gravi
530 3511 637 3574 passus
652 3511 707 3554 sua
722 3511 817 3575 regna
832 3507 970 3558 veterno.

250 3599 331 3662 Ante
346 3595 456 3662 Jovem
471 3596 545 3660 nulli
559 3597 739 3681 subigebant
753 3619 826 3664 arva
840 3599 962 3679 coloni;
1172 3605 1232 3665 125

207 3702 259 3768 Ne
276 3704 393 3786 signare
407 3701 532 3785 quidem
549 3716 600 3766 aut
616 3703 718 3787 partiri
733 3704 828 3770 limite
841 3727 985 3791 campum

206 3810 270 3876 Fas
285 3822 372 3886 erat3
394 3808 424 3870 in
440 3809 574 3884 medium
591 3810 787 3892 quaerebant5
810 3811 936 3896 ipsaque
953 3811 1040 3878 tellus

205 3913 318 3980 Omnia
332 3911 466 3990 liberius,
483 3915 565 3978 nulio
579 3926 737 3999 poscente,
753 3912 881 3980 serebat.

206 4022 261 4087 Ille
277 4016 390 4080 malurn
406 4017 487 4082 virus
502 4017 693 4102 serpentibus
708 4019 825 4084 addidit
840 4021 921 4098 atris,

207 4123 402 4206 Predarique
419 4120 506 4206 lupos
514 4123 613 4209 jussit,
629 4137 817 4208 pontumque
832 4127 959 4204 moveri,
1173 4129 1234 4192 130

208 4228 363 4314 Mellaque
382 4227 517 4292 decussit
532 4225 621 4307 soliis,
638 4230 801 4316 ignemque
818 4231 956 4310 removit,
