2956 5132
222 495 278 550 112
384 549 387 554 ,
659 491 846 578 mnmrpos

209 683 213 690 -
262 641 378 718 Corda,
393 641 517 706 volente
533 641 612 706 deo:
636 645 667 706 in
681 647 791 728 primis
805 648 913 730 regina
928 649 1066 729 quietum

261 745 387 829 Accipit
402 747 432 807 in
447 744 587 807 Teucros
603 747 738 807 animum
751 759 946 832 mentemque
962 731 1141 832 benignam.

303 849 344 912 At
358 851 427 932 pius
443 845 566 925 AEneas,
581 868 637 931 per
650 861 772 910 noctem
787 845 920 932 plurima
936 848 1074 928 volvens,
1223 857 1285 913 305

262 949 306 1014 Ut
320 947 452 1035 primtim
468 949 521 1014 lux
537 949 619 1014 alma
633 949 707 1013 data
723 963 778 1029 est,
793 953 891 1030 exire,
906 950 1053 1036 locosque

261 1053 437 1139 Explorare
450 1075 559 1134 novos,
573 1073 651 1138 quas
666 1067 758 1128 vento
773 1058 941 1120 accesserit
955 1078 1037 1138 oras,

260 1157 323 1239 Qui
338 1170 470 1236 teneant,
484 1178 556 1221 nam
571 1155 686 1220 inculta
702 1156 797 1235 videt,
812 1156 1002 1239 hominesne,
1017 1161 1138 1239 leraene,

153 1261 156 1268 ’
260 1260 407 1342 Quaerere
422 1264 587 1340 constituit,
601 1263 756 1344 sociisque
772 1275 885 1324 exacta
899 1263 1030 1326 referre.

261 1363 401 1428 Classem
416 1368 448 1428 in
463 1386 603 1428 convexo
618 1384 786 1442 nemorum,
801 1364 859 1426 sub
873 1385 950 1449 rupe
965 1365 1086 1444 cavata,
1220 1373 1282 1430 310

257 1467 433 1531 Arboribus
448 1464 585 1532 clausam
600 1461 717 1529 circum
732 1479 824 1549 atque
840 1465 1037 1530 horrentibus
1052 1469 1180 1548 umbris,

178 1621 181 1626 ,
258 1565 399 1631 Occulit:
422 1571 489 1652 ipse
504 1589 563 1632 uno
577 1564 717 1652 graditur
731 1569 894 1629 comitatus
908 1566 1041 1649 Achate,

258 1669 340 1734 Bina
354 1691 446 1734 manu
462 1670 524 1734 lato
538 1673 679 1753 crispans
694 1667 819 1732 hastilia
834 1670 928 1733 ferro.

258 1777 320 1841 Cui
334 1791 433 1841 mater
447 1775 550 1841 medii
563 1797 632 1840 sese
647 1773 715 1838 tulit
730 1774 825 1840 obvia
838 1775 926 1854 silvei,

257 1879 399 1964 Virginis
413 1899 447 1941 os
462 1877 664 1960 habitumque
678 1897 798 1961 gerens,
814 1889 844 1939 et
858 1879 988 1961 virginis
1003 1899 1092 1943 arma
1219 1886 1279 1941 315

256 1983 434 2067 Spartanae3
453 1977 503 2042 vel
518 1977 619 2062 qualis
634 1999 730 2062 equos
744 1977 895 2040 Threissa
909 1978 1018 2063 fatigat

257 2083 457 2169 Harpalyce,
470 2080 690 2164 volucremque
705 2078 777 2165 fug-i
791 2084 984 2164 prevertitur
1001 2081 1128 2146 Eurum.

256 2184 400 2270 Namque
415 2184 552 2250 humeris
567 2182 607 2248 de
622 2203 707 2247 more
723 2182 860 2252 habilem
875 2184 1080 2268 suspenderat
1096 2206 1203 2252 arcum

255 2289 422 2368 venatrix,
436 2287 630 2370 dederatque
645 2307 765 2350 comam
780 2283 955 2350 diffundere
970 2291 1088 2366 ventis3

254 2389 348 2456 Nuda
362 2411 451 2476 genu,
466 2387 609 2471 nodoque
624 2391 708 2450 sinus
722 2385 855 2451 collecta
870 2389 1010 2454 fluentes.
1216 2397 1277 2454 320

253 2494 301 2556 Ac
316 2493 419 2575 prior:
443 2489 542 2565 Heus,
556 2490 665 2570 inquit,
675 2489 816 2572 juvenes,
831 2503 999 2554 monstrate
1013 2513 1152 2556 mearum

252 2591 387 2657 Vidistis
401 2592 428 2652 si
443 2609 535 2673 quam
550 2587 603 2651 hle
619 2601 774 2652 errantem
789 2589 868 2653 lortd
884 2613 1035 2672 sororum,

252 2695 449 2759 Succinctam
463 2689 611 2776 pharetris
626 2704 657 2753 et
670 2689 833 2755 maculosa
849 2697 983 2779 tegmine
998 2694 1110 2782 lyncis,

252 2800 316 2862 Aut
330 2796 499 2880 spumantis
514 2796 583 2880 apri
597 2814 721 2856 cursum
736 2791 873 2858 clamore
888 2813 1092 2881 prementem.

252 2903 305 2966 Sic
321 2901 449 2978 Venus3
471 2911 502 2963 et
516 2897 651 2962 Veneris
666 2897 775 2960 contri
788 2901 834 2962 sic
849 2897 930 2963 filius
945 2921 1053 2965 orsusz
1212 2911 1273 2968 32⁵

251 3003 346 3070 Nulla
360 3016 481 3066 orarum
497 2999 603 3065 audita
617 2999 693 3064 mihi
708 3021 810 3086 neque
825 3004 893 3065 visa
907 3023 1058 3085 sororum,

235 3095 292 3186 Ὀ,
307 3125 401 3191 quam
415 3117 445 3168 te
460 3105 649 3167 memorem?
669 3105 775 3187 virg03
797 3125 930 3190 namque
946 3104 1030 3170 haud
1046 3109 1102 3171 tibi
1117 3107 1218 3173 vultus

252 3207 406 3287 Mortalis,
420 3226 479 3271 nec
493 3227 556 3269 vox
571 3204 727 3268 hominem
743 3219 849 3285 sonat3
870 3229 890 3270 o
904 3205 966 3271 dea
980 3210 1084 3288 certd3

251 3315 301 3378 An
317 3311 428 3377 Phoebi
443 3331 540 3389 soror,
556 3330 595 3372 an
611 3307 829 3392 Nympharum
844 3313 1001 3395 sanguinis
1016 3317 1098 3378 una?

252 3419 301 3482 Sis
316 3415 402 3494 felix,
410 3407 614 3494 'nostrumque
629 3410 724 3490 leveS,
739 3431 949 3496 quacumque,
964 3411 1124 3494 laborem3
1191 3432 1193 3436 ’
1211 3423 1273 3481 330

252 3521 292 3586 Et
307 3541 368 3604 quo
383 3517 440 3581 sub
454 3513 534 3580 coelo
549 3513 684 3593 tandem,
699 3514 810 3600 quibus
825 3515 911 3578 orbis
926 3517 957 3578 in
972 3519 1036 3582 oris
1072 3531 1074 3534 ’

251 3624 420 3700 Jactemur,
435 3619 570 3700 doceas:
591 3618 692 3702 ignari
708 3615 926 3702 hominumque
942 3616 1142 3705 locorumque

251 3727 409 3802 Erramus,
423 3733 516 3786 vento
530 3718 591 3782 huc
606 3731 637 3782 et
651 3721 746 3782 vastis
761 3719 905 3783 fluctibus
919 3723 994 3783 acti.

208 3855 211 3864 ⁴
254 3827 354 3893 Multa
368 3827 425 3890 tibi
441 3837 511 3889 ante
527 3843 599 3888 aras
613 3820 716 3886 nostra
731 3821 823 3886 cadet
838 3821 940 3886 hostia
953 3821 1076 3888 dextri.

294 3931 376 3993 Tum
389 3927 516 3992 Venus:
532 3924 629 3992 Haud
644 3923 789 4009 equidem
804 3924 858 3988 tali
873 3946 922 3987 me
938 3921 1050 4010 dignor
1066 3927 1202 3998 honore:

252 4030 437 4118 Virginibus
451 4030 561 4115 Tyriis
574 4050 641 4093 mos
655 4039 702 4091 est
715 4038 837 4112 gestare
851 4024 1042 4110 pharetram,
1210 4036 1271 4098 336

253 4137 475 4222 Purpureoque
489 4131 551 4198 otte
565 4153 654 4197 suras
667 4132 788 4200 vincire
802 4128 967 4196 cothurno.
1171 4151 1175 4160 ·
