<?xml version="1.0" encoding="UTF-8"?>
<!DOCTYPE html PUBLIC "-//W3C//DTD XHTML 1.0 Transitional//EN"
    "http://www.w3.org/TR/xhtml1/DTD/xhtml1-transitional.dtd">
<html xmlns="http://www.w3.org/1999/xhtml" xml:lang="en" lang="en">
 <head>
  <title>
</title>
<meta http-equiv="Content-Type" content="text/html;charset=utf-8" />
  <meta name='ocr-system' content='tesseract 3.04.00' />
  <meta name='ocr-capabilities' content='ocr_page ocr_carea ocr_par ocr_line ocrx_word'/>
</head>
<body>
  <div class='ocr_page' id='page_1' title='image "./bucolicageorgic01goulgoog/bucolicageorgic01goulgoog_0177.png"; bbox 0 0 2956 5132; ppageno 0'>
   <div class='ocr_carea' id='block_1_1' title="bbox 645 527 829 592">
    <p class='ocr_par' dir='ltr' id='par_1_1' title="bbox 645 527 829 592">
     <span class='ocr_line' id='line_1_1' title="bbox 645 527 829 592; baseline -0.011 0"><span class='ocrx_word' id='word_1_1' title='bbox 645 527 761 592; x_wconf 74' lang='lat' dir='ltr'><strong>um</strong></span> <span class='ocrx_word' id='word_1_2' title='bbox 779 531 829 592; x_wconf 86' lang='lat' dir='ltr'><strong>lll.</strong></span> 
     </span>
    </p>
   </div>
   <div class='ocr_carea' id='block_1_2' title="bbox 160 689 1175 3974">
    <p class='ocr_par' dir='ltr' id='par_1_2' title="bbox 160 689 1175 3974">
     <span class='ocr_line' id='line_1_2' title="bbox 247 689 1026 782; baseline -0.006 -19"><span class='ocrx_word' id='word_1_3' title='bbox 247 695 287 763; x_wconf 76' lang='lat' dir='ltr'><strong>it</strong></span> <span class='ocrx_word' id='word_1_4' title='bbox 302 709 420 762; x_wconf 85' lang='lat' dir='ltr'><strong>terram</strong></span> <span class='ocrx_word' id='word_1_5' title='bbox 434 693 580 759; x_wconf 84' lang='lat' dir='ltr'><strong>altricem</strong></span> <span class='ocrx_word' id='word_1_6' title='bbox 594 695 671 758; x_wconf 75' lang='lat' dir='ltr'><strong>scri</strong></span> <span class='ocrx_word' id='word_1_7' title='bbox 686 713 873 760; x_wconf 84' lang='lat' dir='ltr'><strong>execramur</strong></span> <span class='ocrx_word' id='word_1_8' title='bbox 885 689 1026 782; x_wconf 83' lang='lat' dir='ltr'><strong>Ulyssei.</strong></span> 
     </span>
     <span class='ocr_line' id='line_1_3' title="bbox 248 795 1010 878; baseline -0.005 -14"><span class='ocrx_word' id='word_1_9' title='bbox 248 795 327 864; x_wconf 83' lang='lat' dir='ltr'><strong>Mox</strong></span> <span class='ocrx_word' id='word_1_10' title='bbox 341 811 371 862; x_wconf 89' lang='lat' dir='ltr'><strong>et</strong></span> <span class='ocrx_word' id='word_1_11' title='bbox 386 797 538 862; x_wconf 70' lang='lat' dir='ltr'><strong>Leucate</strong></span> <span class='ocrx_word' id='word_1_12' title='bbox 552 795 695 862; x_wconf 86' lang='lat' dir='ltr'><strong>nimbosa</strong></span> <span class='ocrx_word' id='word_1_13' title='bbox 708 799 873 862; x_wconf 74' lang='lat' dir='ltr'><strong>cacumina</strong></span> <span class='ocrx_word' id='word_1_14' title='bbox 887 801 1010 878; x_wconf 89' lang='lat' dir='ltr'><strong>montis,</strong></span> 
     </span>
     <span class='ocr_line' id='line_1_4' title="bbox 160 897 908 985; baseline -0.005 -19"><span class='ocrx_word' id='word_1_15' title='bbox 160 931 163 938; x_wconf 96' lang='lat'>·</span> <span class='ocrx_word' id='word_1_16' title='bbox 249 901 291 966; x_wconf 84' lang='lat' dir='ltr'><strong>Et</strong></span> <span class='ocrx_word' id='word_1_17' title='bbox 304 899 490 966; x_wconf 74' lang='lat' dir='ltr'><strong>formidabis</strong></span> <span class='ocrx_word' id='word_1_18' title='bbox 504 902 608 964; x_wconf 89' lang='lat' dir='ltr'><strong>nautis</strong></span> <span class='ocrx_word' id='word_1_19' title='bbox 621 901 761 985; x_wconf 88' lang='lat' dir='ltr'><strong>aperitur</strong></span> <span class='ocrx_word' id='word_1_20' title='bbox 775 897 908 985; x_wconf 86' lang='lat' dir='ltr'><strong>Apollo:</strong></span> 
     </span>
     <span class='ocr_line' id='line_1_5' title="bbox 251 993 1069 1090; baseline -0.002 -22"><span class='ocrx_word' id='word_1_21' title='bbox 251 1004 343 1070; x_wconf 84' lang='lat' dir='ltr'><strong>Hunc</strong></span> <span class='ocrx_word' id='word_1_22' title='bbox 356 993 495 1090; x_wconf 85' lang='lat' dir='ltr'><strong>petimus</strong></span> <span class='ocrx_word' id='word_1_23' title='bbox 509 1003 594 1083; x_wconf 81' lang='lat' dir='ltr'><strong>fessi,</strong></span> <span class='ocrx_word' id='word_1_24' title='bbox 609 1014 640 1066; x_wconf 89' lang='lat' dir='ltr'><strong>et</strong></span> <span class='ocrx_word' id='word_1_25' title='bbox 653 1021 762 1088; x_wconf 78' lang='lat' dir='ltr'><strong>parrae</strong></span> <span class='ocrx_word' id='word_1_26' title='bbox 775 1002 971 1068; x_wconf 72' lang='lat' dir='ltr'><strong>succedimus</strong></span> <span class='ocrx_word' id='word_1_27' title='bbox 984 1003 1069 1068; x_wconf 90' lang='lat' dir='ltr'><strong>urbi.</strong></span> 
     </span>
     <span class='ocr_line' id='line_1_6' title="bbox 249 1105 1079 1195; baseline 0.002 -24"><span class='ocrx_word' id='word_1_28' title='bbox 249 1105 397 1172; x_wconf 88' lang='lat' dir='ltr'><strong>Ancbora</strong></span> <span class='ocrx_word' id='word_1_29' title='bbox 411 1105 455 1170; x_wconf 89' lang='lat' dir='ltr'><strong>de</strong></span> <span class='ocrx_word' id='word_1_30' title='bbox 469 1105 565 1191; x_wconf 76' lang='lat' dir='ltr'><strong>promi</strong></span> <span class='ocrx_word' id='word_1_31' title='bbox 575 1107 712 1192; x_wconf 84' lang='lat' dir='ltr'><strong>jacitur3</strong></span> <span class='ocrx_word' id='word_1_32' title='bbox 733 1118 816 1171; x_wconf 88' lang='lat' dir='ltr'><strong>stant</strong></span> <span class='ocrx_word' id='word_1_33' title='bbox 829 1105 932 1173; x_wconf 88' lang='lat' dir='ltr'><strong>littore</strong></span> <span class='ocrx_word' id='word_1_34' title='bbox 946 1129 1079 1195; x_wconf 87' lang='lat' dir='ltr'><strong>puppes.</strong></span> 
     </span>
     <span class='ocr_line' id='line_1_7' title="bbox 289 1205 933 1298; baseline 0.002 -26"><span class='ocrx_word' id='word_1_35' title='bbox 289 1209 374 1298; x_wconf 83' lang='lat' dir='ltr'><strong>Ergo</strong></span> <span class='ocrx_word' id='word_1_36' title='bbox 389 1207 551 1293; x_wconf 66' lang='lat' dir='ltr'><strong>insperati</strong></span> <span class='ocrx_word' id='word_1_37' title='bbox 565 1206 692 1272; x_wconf 85' lang='lat' dir='ltr'><strong>tandem</strong></span> <span class='ocrx_word' id='word_1_38' title='bbox 706 1205 818 1272; x_wconf 89' lang='lat' dir='ltr'><strong>tellure</strong></span> <span class='ocrx_word' id='word_1_39' title='bbox 831 1211 933 1294; x_wconf 90' lang='lat' dir='ltr'><strong>potiti,</strong></span> 
     </span>
     <span class='ocr_line' id='line_1_8' title="bbox 248 1309 1055 1396; baseline 0.004 -20"><span class='ocrx_word' id='word_1_40' title='bbox 248 1310 497 1396; x_wconf 84' lang='lat' dir='ltr'><strong>Lustramurque</strong></span> <span class='ocrx_word' id='word_1_41' title='bbox 510 1311 594 1391; x_wconf 80' lang='lat' dir='ltr'><strong>lovi,</strong></span> <span class='ocrx_word' id='word_1_42' title='bbox 607 1314 750 1396; x_wconf 89' lang='lat' dir='ltr'><strong>votisque</strong></span> <span class='ocrx_word' id='word_1_43' title='bbox 764 1309 960 1378; x_wconf 81' lang='lat' dir='ltr'><strong>incendimus</strong></span> <span class='ocrx_word' id='word_1_44' title='bbox 974 1333 1055 1396; x_wconf 86' lang='lat' dir='ltr'><strong>aras,</strong></span> 
     </span>
     <span class='ocr_line' id='line_1_9' title="bbox 248 1415 975 1502; baseline -0.001 -21"><span class='ocrx_word' id='word_1_45' title='bbox 248 1419 404 1502; x_wconf 80' lang='lat' dir='ltr'><strong>Actiaque</strong></span> <span class='ocrx_word' id='word_1_46' title='bbox 420 1415 527 1482; x_wconf 86' lang='lat' dir='ltr'><strong>Iliacis</strong></span> <span class='ocrx_word' id='word_1_47' title='bbox 542 1415 739 1482; x_wconf 82' lang='lat' dir='ltr'><strong>celebramus</strong></span> <span class='ocrx_word' id='word_1_48' title='bbox 753 1415 859 1482; x_wconf 90' lang='lat' dir='ltr'><strong>littora</strong></span> <span class='ocrx_word' id='word_1_49' title='bbox 874 1415 975 1497; x_wconf 82' lang='lat' dir='ltr'><strong>ludis3</strong></span> 
     </span>
     <span class='ocr_line' id='line_1_10' title="bbox 249 1517 948 1612; baseline 0.001 -29"><span class='ocrx_word' id='word_1_50' title='bbox 249 1518 407 1586; x_wconf 81' lang='lat' dir='ltr'><strong>Exercent</strong></span> <span class='ocrx_word' id='word_1_51' title='bbox 421 1523 544 1606; x_wconf 89' lang='lat' dir='ltr'><strong>patrias</strong></span> <span class='ocrx_word' id='word_1_52' title='bbox 558 1519 629 1584; x_wconf 91' lang='lat' dir='ltr'><strong>oleo</strong></span> <span class='ocrx_word' id='word_1_53' title='bbox 644 1518 769 1584; x_wconf 86' lang='lat' dir='ltr'><strong>labente</strong></span> <span class='ocrx_word' id='word_1_54' title='bbox 783 1517 948 1612; x_wconf 64' lang='lat' dir='ltr'><strong>palestrae</strong></span> 
     </span>
     <span class='ocr_line' id='line_1_11' title="bbox 249 1601 909 1709; baseline 0 -23"><span class='ocrx_word' id='word_1_55' title='bbox 249 1621 364 1687; x_wconf 86' lang='lat' dir='ltr'><strong>Nudati</strong></span> <span class='ocrx_word' id='word_1_56' title='bbox 379 1625 480 1688; x_wconf 88' lang='lat' dir='ltr'><strong>socii:</strong></span> <span class='ocrx_word' id='word_1_57' title='bbox 497 1623 589 1709; x_wconf 86' lang='lat' dir='ltr'><strong>juvat</strong></span> <span class='ocrx_word' id='word_1_58' title='bbox 602 1624 740 1686; x_wconf 87' lang='lat' dir='ltr'><strong>evasisse</strong></span> <span class='ocrx_word' id='word_1_59' title='bbox 754 1634 799 1686; x_wconf 92' lang='lat' dir='ltr'><strong>tot</strong></span> <span class='ocrx_word' id='word_1_60' title='bbox 812 1601 909 1688; x_wconf 77' lang='lat' dir='ltr'><strong>nrbei</strong></span> 
     </span>
     <span class='ocr_line' id='line_1_12' title="bbox 248 1723 1098 1812; baseline 0.004 -22"><span class='ocrx_word' id='word_1_61' title='bbox 248 1725 423 1812; x_wconf 81' lang='lat' dir='ltr'><strong>Argolicas,</strong></span> <span class='ocrx_word' id='word_1_62' title='bbox 437 1725 623 1812; x_wconf 88' lang='lat' dir='ltr'><strong>mediosque</strong></span> <span class='ocrx_word' id='word_1_63' title='bbox 637 1725 743 1812; x_wconf 83' lang='lat' dir='ltr'><strong>iugem</strong></span> <span class='ocrx_word' id='word_1_64' title='bbox 757 1729 894 1791; x_wconf 88' lang='lat' dir='ltr'><strong>tenuisse</strong></span> <span class='ocrx_word' id='word_1_65' title='bbox 907 1747 966 1812; x_wconf 90' lang='lat' dir='ltr'><strong>per</strong></span> <span class='ocrx_word' id='word_1_66' title='bbox 980 1723 1098 1794; x_wconf 84' lang='lat' dir='ltr'><strong>hostes.</strong></span> 
     </span>
     <span class='ocr_line' id='line_1_13' title="bbox 249 1827 1001 1917; baseline 0.001 -22"><span class='ocrx_word' id='word_1_67' title='bbox 249 1831 369 1896; x_wconf 88' lang='lat' dir='ltr'><strong>lnterea</strong></span> <span class='ocrx_word' id='word_1_68' title='bbox 384 1851 531 1917; x_wconf 79' lang='lat' dir='ltr'><strong>magnum</strong></span> <span class='ocrx_word' id='word_1_69' title='bbox 545 1828 593 1894; x_wconf 91' lang='lat' dir='ltr'><strong>sol</strong></span> <span class='ocrx_word' id='word_1_70' title='bbox 607 1827 863 1894; x_wconf 74' lang='lat' dir='ltr'><strong>circumvolvitur</strong></span> <span class='ocrx_word' id='word_1_71' title='bbox 877 1851 1001 1913; x_wconf 73' lang='lat' dir='ltr'><strong>annuunt,</strong></span> 
     </span>
     <span class='ocr_line' id='line_1_14' title="bbox 248 1930 1048 2021; baseline 0 -23"><span class='ocrx_word' id='word_1_72' title='bbox 248 1932 289 1998; x_wconf 82' lang='lat' dir='ltr'><strong>Et</strong></span> <span class='ocrx_word' id='word_1_73' title='bbox 301 1933 448 2021; x_wconf 81' lang='lat' dir='ltr'><strong>glacialis</strong></span> <span class='ocrx_word' id='word_1_74' title='bbox 463 1933 565 1998; x_wconf 87' lang='lat' dir='ltr'><strong>biems</strong></span> <span class='ocrx_word' id='word_1_75' title='bbox 580 1930 789 2020; x_wconf 77' lang='lat' dir='ltr'><strong>Aquilonibus</strong></span> <span class='ocrx_word' id='word_1_76' title='bbox 800 1945 928 2019; x_wconf 83' lang='lat' dir='ltr'><strong>asperat</strong></span> <span class='ocrx_word' id='word_1_77' title='bbox 936 1932 1048 2000; x_wconf 89' lang='lat' dir='ltr'><strong>undas.</strong></span> 
     </span>
     <span class='ocr_line' id='line_1_15' title="bbox 248 2034 1043 2122; baseline -0.004 -21"><span class='ocrx_word' id='word_1_78' title='bbox 248 2034 320 2100; x_wconf 74' lang='lat' dir='ltr'><strong>Ere</strong></span> <span class='ocrx_word' id='word_1_79' title='bbox 335 2057 418 2101; x_wconf 88' lang='lat' dir='ltr'><strong>cavo</strong></span> <span class='ocrx_word' id='word_1_80' title='bbox 431 2034 592 2122; x_wconf 83' lang='lat' dir='ltr'><strong>clypeum,</strong></span> <span class='ocrx_word' id='word_1_81' title='bbox 606 2036 711 2122; x_wconf 85' lang='lat' dir='ltr'><strong>magni</strong></span> <span class='ocrx_word' id='word_1_82' title='bbox 725 2045 884 2121; x_wconf 78' lang='lat' dir='ltr'><strong>gestamen</strong></span> <span class='ocrx_word' id='word_1_83' title='bbox 899 2035 1043 2116; x_wconf 89' lang='lat' dir='ltr'><strong>Abantis,</strong></span> 
     </span>
     <span class='ocr_line' id='line_1_16' title="bbox 248 2135 1038 2224; baseline -0.003 -22"><span class='ocrx_word' id='word_1_84' title='bbox 248 2139 394 2204; x_wconf 85' lang='lat' dir='ltr'><strong>Postibus</strong></span> <span class='ocrx_word' id='word_1_85' title='bbox 408 2135 551 2204; x_wconf 87' lang='lat' dir='ltr'><strong>adversis</strong></span> <span class='ocrx_word' id='word_1_86' title='bbox 566 2135 636 2223; x_wconf 84' lang='lat' dir='ltr'><strong>figo,</strong></span> <span class='ocrx_word' id='word_1_87' title='bbox 651 2149 682 2202; x_wconf 91' lang='lat' dir='ltr'><strong>et</strong></span> <span class='ocrx_word' id='word_1_88' title='bbox 695 2157 764 2201; x_wconf 89' lang='lat' dir='ltr'><strong>rem</strong></span> <span class='ocrx_word' id='word_1_89' title='bbox 777 2139 916 2202; x_wconf 87' lang='lat' dir='ltr'><strong>carmine</strong></span> <span class='ocrx_word' id='word_1_90' title='bbox 930 2141 1038 2224; x_wconf 86' lang='lat' dir='ltr'><strong>signo:</strong></span> 
     </span>
     <span class='ocr_line' id='line_1_17' title="bbox 248 2235 961 2306; baseline -0.007 1"><span class='ocrx_word' id='word_1_91' title='bbox 248 2239 363 2306; x_wconf 74' lang='lat' dir='ltr'><strong>AEntas</strong></span> <span class='ocrx_word' id='word_1_92' title='bbox 379 2263 461 2306; x_wconf 80' lang='lat' dir='ltr'><strong>nanc</strong></span> <span class='ocrx_word' id='word_1_93' title='bbox 475 2261 517 2305; x_wconf 81' lang='lat' dir='ltr'><strong>ne</strong></span> <span class='ocrx_word' id='word_1_94' title='bbox 530 2235 652 2303; x_wconf 78' lang='lat' dir='ltr'><strong>Danais</strong></span> <span class='ocrx_word' id='word_1_95' title='bbox 667 2259 852 2304; x_wconf 83' lang='lat' dir='ltr'><strong>vrcroruaus</strong></span> <span class='ocrx_word' id='word_1_96' title='bbox 867 2261 961 2302; x_wconf 74' lang='lat' dir='ltr'><strong>anua.</strong></span> 
     </span>
     <span class='ocr_line' id='line_1_18' title="bbox 247 2341 1125 2432; baseline -0.002 -22"><span class='ocrx_word' id='word_1_97' title='bbox 247 2343 411 2432; x_wconf 87' lang='lat' dir='ltr'><strong>Linquere</strong></span> <span class='ocrx_word' id='word_1_98' title='bbox 425 2356 489 2408; x_wconf 91' lang='lat' dir='ltr'><strong>tum</strong></span> <span class='ocrx_word' id='word_1_99' title='bbox 502 2357 610 2430; x_wconf 90' lang='lat' dir='ltr'><strong>portus</strong></span> <span class='ocrx_word' id='word_1_100' title='bbox 619 2341 730 2430; x_wconf 87' lang='lat' dir='ltr'><strong>jubeo,</strong></span> <span class='ocrx_word' id='word_1_101' title='bbox 745 2356 776 2407; x_wconf 90' lang='lat' dir='ltr'><strong>et</strong></span> <span class='ocrx_word' id='word_1_102' title='bbox 790 2341 956 2408; x_wconf 89' lang='lat' dir='ltr'><strong>considere</strong></span> <span class='ocrx_word' id='word_1_103' title='bbox 970 2347 1125 2409; x_wconf 79' lang='lat' dir='ltr'><strong>uanstris.</strong></span> 
     </span>
     <span class='ocr_line' id='line_1_19' title="bbox 246 2445 1080 2530; baseline 0 -20"><span class='ocrx_word' id='word_1_104' title='bbox 246 2445 407 2511; x_wconf 80' lang='lat' dir='ltr'><strong>Certatim</strong></span> <span class='ocrx_word' id='word_1_105' title='bbox 420 2448 497 2510; x_wconf 87' lang='lat' dir='ltr'><strong>socii</strong></span> <span class='ocrx_word' id='word_1_106' title='bbox 511 2445 626 2510; x_wconf 79' lang='lat' dir='ltr'><strong>feriunt</strong></span> <span class='ocrx_word' id='word_1_107' title='bbox 640 2465 738 2526; x_wconf 83' lang='lat' dir='ltr'><strong>mare,</strong></span> <span class='ocrx_word' id='word_1_108' title='bbox 753 2457 784 2509; x_wconf 89' lang='lat' dir='ltr'><strong>et</strong></span> <span class='ocrx_word' id='word_1_109' title='bbox 798 2465 927 2530; x_wconf 72' lang='lat' dir='ltr'><strong>aequora</strong></span> <span class='ocrx_word' id='word_1_110' title='bbox 940 2459 1080 2512; x_wconf 83' lang='lat' dir='ltr'><strong>verrunt.</strong></span> 
     </span>
     <span class='ocr_line' id='line_1_20' title="bbox 248 2545 1056 2632; baseline 0.001 -19"><span class='ocrx_word' id='word_1_111' title='bbox 248 2547 403 2613; x_wconf 88' lang='lat' dir='ltr'><strong>Protenus</strong></span> <span class='ocrx_word' id='word_1_112' title='bbox 416 2549 518 2612; x_wconf 75' lang='lat' dir='ltr'><strong>adrias</strong></span> <span class='ocrx_word' id='word_1_113' title='bbox 533 2547 703 2614; x_wconf 71' lang='lat' dir='ltr'><strong>Phaeacum</strong></span> <span class='ocrx_word' id='word_1_114' title='bbox 717 2545 939 2613; x_wconf 82' lang='lat' dir='ltr'><strong>abscondimus</strong></span> <span class='ocrx_word' id='word_1_115' title='bbox 953 2569 1056 2632; x_wconf 75' lang='lat' dir='ltr'><strong>arces,</strong></span> 
     </span>
     <span class='ocr_line' id='line_1_21' title="bbox 248 2651 1016 2740; baseline 0.003 -24"><span class='ocrx_word' id='word_1_116' title='bbox 248 2651 434 2738; x_wconf 80' lang='lat' dir='ltr'><strong>littoraque</strong></span> <span class='ocrx_word' id='word_1_117' title='bbox 449 2653 539 2738; x_wconf 82' lang='lat' dir='ltr'><strong>Epiri</strong></span> <span class='ocrx_word' id='word_1_118' title='bbox 553 2651 694 2740; x_wconf 76' lang='lat' dir='ltr'><strong>legimus,</strong></span> <span class='ocrx_word' id='word_1_119' title='bbox 707 2663 862 2738; x_wconf 87' lang='lat' dir='ltr'><strong>portuque</strong></span> <span class='ocrx_word' id='word_1_120' title='bbox 877 2653 1016 2718; x_wconf 90' lang='lat' dir='ltr'><strong>subimus</strong></span> 
     </span>
     <span class='ocr_line' id='line_1_22' title="bbox 249 2751 1074 2838; baseline 0.001 -17"><span class='ocrx_word' id='word_1_121' title='bbox 249 2756 405 2838; x_wconf 86' lang='lat' dir='ltr'><strong>Chaonio,</strong></span> <span class='ocrx_word' id='word_1_122' title='bbox 419 2768 450 2820; x_wconf 89' lang='lat' dir='ltr'><strong>et</strong></span> <span class='ocrx_word' id='word_1_123' title='bbox 464 2753 582 2820; x_wconf 87' lang='lat' dir='ltr'><strong>celsam</strong></span> <span class='ocrx_word' id='word_1_124' title='bbox 596 2751 743 2819; x_wconf 83' lang='lat' dir='ltr'><strong>Buthroti</strong></span> <span class='ocrx_word' id='word_1_125' title='bbox 758 2753 938 2820; x_wconf 88' lang='lat' dir='ltr'><strong>accedimus</strong></span> <span class='ocrx_word' id='word_1_126' title='bbox 952 2756 1074 2822; x_wconf 89' lang='lat' dir='ltr'><strong>urbem.</strong></span> 
     </span>
     <span class='ocr_line' id='line_1_23' title="bbox 290 2857 1058 2946; baseline 0 -20"><span class='ocrx_word' id='word_1_127' title='bbox 290 2861 357 2926; x_wconf 87' lang='lat' dir='ltr'><strong>Hic</strong></span> <span class='ocrx_word' id='word_1_128' title='bbox 372 2857 572 2924; x_wconf 85' lang='lat' dir='ltr'><strong>incredibilis</strong></span> <span class='ocrx_word' id='word_1_129' title='bbox 587 2879 693 2924; x_wconf 87' lang='lat' dir='ltr'><strong>rerum</strong></span> <span class='ocrx_word' id='word_1_130' title='bbox 707 2859 793 2924; x_wconf 83' lang='lat' dir='ltr'><strong>fama</strong></span> <span class='ocrx_word' id='word_1_131' title='bbox 807 2871 942 2946; x_wconf 88' lang='lat' dir='ltr'><strong>occupat</strong></span> <span class='ocrx_word' id='word_1_132' title='bbox 956 2879 1058 2942; x_wconf 85' lang='lat' dir='ltr'><strong>aures,</strong></span> 
     </span>
     <span class='ocr_line' id='line_1_24' title="bbox 249 2959 1071 3050; baseline -0.002 -20"><span class='ocrx_word' id='word_1_133' title='bbox 249 2961 431 3030; x_wconf 83' lang='lat' dir='ltr'><strong>Priamiden</strong></span> <span class='ocrx_word' id='word_1_134' title='bbox 446 2959 605 3026; x_wconf 86' lang='lat' dir='ltr'><strong>Helenum</strong></span> <span class='ocrx_word' id='word_1_135' title='bbox 619 2960 734 3026; x_wconf 88' lang='lat' dir='ltr'><strong>Graias</strong></span> <span class='ocrx_word' id='word_1_136' title='bbox 749 2981 882 3050; x_wconf 84' lang='lat' dir='ltr'><strong>regnare</strong></span> <span class='ocrx_word' id='word_1_137' title='bbox 896 2981 953 3047; x_wconf 83' lang='lat' dir='ltr'><strong>per</strong></span> <span class='ocrx_word' id='word_1_138' title='bbox 967 2963 1071 3044; x_wconf 83' lang='lat' dir='ltr'><strong>urbes,</strong></span> 
     </span>
     <span class='ocr_line' id='line_1_25' title="bbox 250 3061 1054 3156; baseline -0.004 -24"><span class='ocrx_word' id='word_1_139' title='bbox 250 3066 404 3156; x_wconf 85' lang='lat' dir='ltr'><strong>Conjugio</strong></span> <span class='ocrx_word' id='word_1_140' title='bbox 419 3061 558 3128; x_wconf 82' lang='lat' dir='ltr'><strong>AEacidae</strong></span> <span class='ocrx_word' id='word_1_141' title='bbox 574 3061 692 3148; x_wconf 83' lang='lat' dir='ltr'><strong>Pyrrhi</strong></span> <span class='ocrx_word' id='word_1_142' title='bbox 707 3063 901 3148; x_wconf 87' lang='lat' dir='ltr'><strong>sceptrisque</strong></span> <span class='ocrx_word' id='word_1_143' title='bbox 915 3065 1054 3149; x_wconf 87' lang='lat' dir='ltr'><strong>potitum,</strong></span> 
     </span>
     <span class='ocr_line' id='line_1_26' title="bbox 250 3163 1075 3260; baseline -0.006 -25"><span class='ocrx_word' id='word_1_144' title='bbox 250 3173 290 3240; x_wconf 76' lang='lat' dir='ltr'><strong>Et</strong></span> <span class='ocrx_word' id='word_1_145' title='bbox 301 3171 407 3260; x_wconf 87' lang='lat' dir='ltr'><strong>patrio</strong></span> <span class='ocrx_word' id='word_1_146' title='bbox 422 3163 665 3232; x_wconf 85' lang='lat' dir='ltr'><strong>Andromachen</strong></span> <span class='ocrx_word' id='word_1_147' title='bbox 680 3168 792 3231; x_wconf 88' lang='lat' dir='ltr'><strong>iterum</strong></span> <span class='ocrx_word' id='word_1_148' title='bbox 806 3167 939 3231; x_wconf 88' lang='lat' dir='ltr'><strong>cessisse</strong></span> <span class='ocrx_word' id='word_1_149' title='bbox 953 3170 1075 3232; x_wconf 87' lang='lat' dir='ltr'><strong>marito.</strong></span> 
     </span>
     <span class='ocr_line' id='line_1_27' title="bbox 247 3271 1004 3360; baseline -0.005 -21"><span class='ocrx_word' id='word_1_150' title='bbox 247 3275 423 3360; x_wconf 81' lang='lat' dir='ltr'><strong>Obstupni3</strong></span> <span class='ocrx_word' id='word_1_151' title='bbox 444 3272 586 3354; x_wconf 88' lang='lat' dir='ltr'><strong>miroque</strong></span> <span class='ocrx_word' id='word_1_152' title='bbox 600 3271 761 3334; x_wconf 86' lang='lat' dir='ltr'><strong>incensum</strong></span> <span class='ocrx_word' id='word_1_153' title='bbox 775 3280 883 3354; x_wconf 90' lang='lat' dir='ltr'><strong>pectus</strong></span> <span class='ocrx_word' id='word_1_154' title='bbox 898 3289 1004 3335; x_wconf 90' lang='lat' dir='ltr'><strong>amore</strong></span> 
     </span>
     <span class='ocr_line' id='line_1_28' title="bbox 247 3374 1057 3465; baseline -0.006 -24"><span class='ocrx_word' id='word_1_155' title='bbox 247 3374 452 3465; x_wconf 82' lang='lat' dir='ltr'><strong>Compellare</strong></span> <span class='ocrx_word' id='word_1_156' title='bbox 463 3375 576 3452; x_wconf 71' lang='lat' dir='ltr'><strong>virum</strong></span> <span class='ocrx_word' id='word_1_157' title='bbox 588 3385 622 3436; x_wconf 85' lang='lat' dir='ltr'><strong>et</strong></span> <span class='ocrx_word' id='word_1_158' title='bbox 635 3391 727 3436; x_wconf 87' lang='lat' dir='ltr'><strong>casus</strong></span> <span class='ocrx_word' id='word_1_159' title='bbox 742 3391 931 3458; x_wconf 87' lang='lat' dir='ltr'><strong>cognoscere</strong></span> <span class='ocrx_word' id='word_1_160' title='bbox 946 3383 1057 3438; x_wconf 88' lang='lat' dir='ltr'><strong>tantos.</strong></span> 
     </span>
     <span class='ocr_line' id='line_1_29' title="bbox 248 3472 1022 3571; baseline -0.008 -27"><span class='ocrx_word' id='word_1_161' title='bbox 248 3479 440 3571; x_wconf 77' lang='lat' dir='ltr'><strong>Progredior</strong></span> <span class='ocrx_word' id='word_1_162' title='bbox 452 3489 555 3563; x_wconf 82' lang='lat' dir='ltr'><strong>portu,</strong></span> <span class='ocrx_word' id='word_1_163' title='bbox 570 3475 689 3540; x_wconf 86' lang='lat' dir='ltr'><strong>classes</strong></span> <span class='ocrx_word' id='word_1_164' title='bbox 704 3488 735 3538; x_wconf 91' lang='lat' dir='ltr'><strong>et</strong></span> <span class='ocrx_word' id='word_1_165' title='bbox 749 3472 854 3540; x_wconf 90' lang='lat' dir='ltr'><strong>littora</strong></span> <span class='ocrx_word' id='word_1_166' title='bbox 868 3474 1022 3560; x_wconf 88' lang='lat' dir='ltr'><strong>linquens.</strong></span> 
     </span>
     <span class='ocr_line' id='line_1_30' title="bbox 292 3577 1010 3664; baseline -0.013 -13"><span class='ocrx_word' id='word_1_167' title='bbox 292 3585 455 3651; x_wconf 84' lang='lat' dir='ltr'><strong>Solemnes</strong></span> <span class='ocrx_word' id='word_1_168' title='bbox 468 3594 534 3645; x_wconf 89' lang='lat' dir='ltr'><strong>tum</strong></span> <span class='ocrx_word' id='word_1_169' title='bbox 548 3579 628 3644; x_wconf 75' lang='lat' dir='ltr'><strong>sorte</strong></span> <span class='ocrx_word' id='word_1_170' title='bbox 643 3577 742 3664; x_wconf 86' lang='lat' dir='ltr'><strong>dapes</strong></span> <span class='ocrx_word' id='word_1_171' title='bbox 757 3590 788 3643; x_wconf 90' lang='lat' dir='ltr'><strong>et</strong></span> <span class='ocrx_word' id='word_1_172' title='bbox 802 3581 903 3644; x_wconf 89' lang='lat' dir='ltr'><strong>tristia</strong></span> <span class='ocrx_word' id='word_1_173' title='bbox 917 3577 1010 3658; x_wconf 84' lang='lat' dir='ltr'><strong>dona,</strong></span> 
     </span>
     <span class='ocr_line' id='line_1_31' title="bbox 250 3677 1064 3762; baseline -0.015 -6"><span class='ocrx_word' id='word_1_174' title='bbox 250 3693 331 3756; x_wconf 90' lang='lat' dir='ltr'><strong>Ante</strong></span> <span class='ocrx_word' id='word_1_175' title='bbox 343 3686 458 3752; x_wconf 86' lang='lat' dir='ltr'><strong>urbem</strong></span> <span class='ocrx_word' id='word_1_176' title='bbox 471 3685 504 3748; x_wconf 92' lang='lat' dir='ltr'><strong>in</strong></span> <span class='ocrx_word' id='word_1_177' title='bbox 518 3680 601 3762; x_wconf 81' lang='lat' dir='ltr'><strong>luco,</strong></span> <span class='ocrx_word' id='word_1_178' title='bbox 613 3679 685 3746; x_wconf 81' lang='lat' dir='ltr'><strong>falsi</strong></span> <span class='ocrx_word' id='word_1_179' title='bbox 701 3683 867 3747; x_wconf 73' lang='lat' dir='ltr'><strong>Simodntis</strong></span> <span class='ocrx_word' id='word_1_180' title='bbox 882 3679 924 3746; x_wconf 87' lang='lat' dir='ltr'><strong>ad</strong></span> <span class='ocrx_word' id='word_1_181' title='bbox 939 3677 1064 3760; x_wconf 83' lang='lat' dir='ltr'><strong>undam,</strong></span> 
     </span>
     <span class='ocr_line' id='line_1_32' title="bbox 250 3782 1092 3868; baseline -0.011 -10"><span class='ocrx_word' id='word_1_182' title='bbox 250 3791 390 3858; x_wconf 89' lang='lat' dir='ltr'><strong>Libabat</strong></span> <span class='ocrx_word' id='word_1_183' title='bbox 405 3787 506 3852; x_wconf 88' lang='lat' dir='ltr'><strong>cineri</strong></span> <span class='ocrx_word' id='word_1_184' title='bbox 520 3782 753 3865; x_wconf 84' lang='lat' dir='ltr'><strong>Andromache,</strong></span> <span class='ocrx_word' id='word_1_185' title='bbox 768 3783 941 3868; x_wconf 84' lang='lat' dir='ltr'><strong>Manesque</strong></span> <span class='ocrx_word' id='word_1_186' title='bbox 956 3783 1092 3849; x_wconf 90' lang='lat' dir='ltr'><strong>vocabat</strong></span> 
     </span>
     <span class='ocr_line' id='line_1_33' title="bbox 250 3885 1175 3974; baseline -0.005 -14"><span class='ocrx_word' id='word_1_187' title='bbox 250 3895 446 3960; x_wconf 88' lang='lat' dir='ltr'><strong>Hectoreum</strong></span> <span class='ocrx_word' id='word_1_188' title='bbox 460 3887 503 3954; x_wconf 89' lang='lat' dir='ltr'><strong>ad</strong></span> <span class='ocrx_word' id='word_1_189' title='bbox 517 3887 676 3970; x_wconf 88' lang='lat' dir='ltr'><strong>tumulum,</strong></span> <span class='ocrx_word' id='word_1_190' title='bbox 690 3885 786 3952; x_wconf 87' lang='lat' dir='ltr'><strong>viridi</strong></span> <span class='ocrx_word' id='word_1_191' title='bbox 801 3907 894 3972; x_wconf 89' lang='lat' dir='ltr'><strong>quem</strong></span> <span class='ocrx_word' id='word_1_192' title='bbox 908 3889 1027 3973; x_wconf 87' lang='lat' dir='ltr'><strong>cespite</strong></span> <span class='ocrx_word' id='word_1_193' title='bbox 1041 3892 1175 3974; x_wconf 88' lang='lat' dir='ltr'><strong>inanem,</strong></span> 
     </span>
    </p>
   </div>
   <div class='ocr_carea' id='block_1_3' title="bbox 247 3991 1280 4284">
    <p class='ocr_par' dir='ltr' id='par_1_3' title="bbox 247 3991 1280 4284">
     <span class='ocr_line' id='line_1_34' title="bbox 248 3991 1280 4084; baseline 0 -22"><span class='ocrx_word' id='word_1_194' title='bbox 248 3997 290 4062; x_wconf 87' lang='lat' dir='ltr'><strong>Et</strong></span> <span class='ocrx_word' id='word_1_195' title='bbox 303 3999 455 4084; x_wconf 82' lang='lat' dir='ltr'><strong>geminas,</strong></span> <span class='ocrx_word' id='word_1_196' title='bbox 469 4013 597 4058; x_wconf 88' lang='lat' dir='ltr'><strong>causam</strong></span> <span class='ocrx_word' id='word_1_197' title='bbox 611 3991 772 4080; x_wconf 80' lang='lat' dir='ltr'><strong>lacrymis,</strong></span> <span class='ocrx_word' id='word_1_198' title='bbox 787 4003 968 4056; x_wconf 86' lang='lat' dir='ltr'><strong>sacraverat</strong></span> <span class='ocrx_word' id='word_1_199' title='bbox 982 4011 1064 4058; x_wconf 87' lang='lat' dir='ltr'><strong>aras.</strong></span> <span class='ocrx_word' id='word_1_200' title='bbox 1218 4003 1280 4063; x_wconf 79' lang='lat'><strong>30⁵</strong></span> 
     </span>
     <span class='ocr_line' id='line_1_35' title="bbox 249 4091 1030 4182; baseline -0.004 -18"><span class='ocrx_word' id='word_1_201' title='bbox 249 4097 293 4164; x_wconf 91' lang='lat' dir='ltr'><strong>Ut</strong></span> <span class='ocrx_word' id='word_1_202' title='bbox 307 4119 359 4162; x_wconf 92' lang='lat' dir='ltr'><strong>me</strong></span> <span class='ocrx_word' id='word_1_203' title='bbox 373 4099 539 4182; x_wconf 83' lang='lat' dir='ltr'><strong>conspexit</strong></span> <span class='ocrx_word' id='word_1_204' title='bbox 552 4097 738 4173; x_wconf 83' lang='lat' dir='ltr'><strong>venientem,</strong></span> <span class='ocrx_word' id='word_1_205' title='bbox 753 4106 784 4157; x_wconf 92' lang='lat' dir='ltr'><strong>et</strong></span> <span class='ocrx_word' id='word_1_206' title='bbox 798 4092 896 4156; x_wconf 89' lang='lat' dir='ltr'><strong>Troia</strong></span> <span class='ocrx_word' id='word_1_207' title='bbox 911 4091 1030 4160; x_wconf 78' lang='lat' dir='ltr'><strong>circum</strong></span> 
     </span>
     <span class='ocr_line' id='line_1_36' title="bbox 247 4197 1041 4284; baseline -0.004 -16"><span class='ocrx_word' id='word_1_208' title='bbox 247 4205 347 4267; x_wconf 87' lang='lat' dir='ltr'><strong>Arma</strong></span> <span class='ocrx_word' id='word_1_209' title='bbox 362 4219 473 4266; x_wconf 87' lang='lat' dir='ltr'><strong>amens</strong></span> <span class='ocrx_word' id='word_1_210' title='bbox 484 4197 575 4278; x_wconf 86' lang='lat' dir='ltr'><strong>vidit,</strong></span> <span class='ocrx_word' id='word_1_211' title='bbox 587 4200 708 4284; x_wconf 76' lang='lat' dir='ltr'><strong>magnis</strong></span> <span class='ocrx_word' id='word_1_212' title='bbox 722 4197 874 4260; x_wconf 85' lang='lat' dir='ltr'><strong>exterrita</strong></span> <span class='ocrx_word' id='word_1_213' title='bbox 887 4201 1041 4278; x_wconf 86' lang='lat' dir='ltr'><strong>monstris,</strong></span> 
     </span>
    </p>
   </div>
   <div class='ocr_carea' id='block_1_4' title="bbox 0 0 1482 5132">
    <p class='ocr_par' dir='ltr' id='par_1_4' title="bbox 0 0 1482 5132">
     <span class='ocr_line' id='line_1_37' title="bbox 0 0 1482 5132; baseline 0 0"><span class='ocrx_word' id='word_1_214' title='bbox 0 0 1482 5132; x_wconf 95' lang='lat' dir='ltr'><strong> </strong></span> 
     </span>
    </p>
   </div>
  </div>
 </body>
</html>
