2978 5124
616 513 732 576 LIBER
750 513 827 578 Vlll.

233 671 433 760 Conjunxire
448 669 515 752 tibi,
528 683 559 736 et
572 670 643 738 tatis
657 669 751 756 egdre
765 672 929 740 volentem.

231 775 409 856 Dardanus,
423 776 526 842 lliacoe
542 779 659 861 primus
672 789 762 861 pater
775 777 863 844 urbis
878 791 909 844 et
923 790 1040 859 auctor,

232 877 370 958 Electri,
383 893 417 948 ut
429 879 520 944 Graii
534 878 708 964 perhibent,
722 879 881 946 Atlantide
895 895 1009 962 cretus,

231 981 408 1047 Advehitur
420 983 581 1048 Teucros=
603 981 761 1048 Electram
775 984 927 1050 maximus
941 983 1030 1050 Atlas

234 1086 350 1166 Edidit,
363 1087 509 1152 aetherios
523 1086 651 1152 humero
666 1088 720 1172 qui
733 1087 860 1154 sustinet
874 1088 978 1154 orbes.

234 1193 339 1258 Vobis
353 1191 526 1258 Mercurius
540 1203 630 1276 pater
644 1204 700 1272 est,
714 1213 806 1277 quem
820 1191 955 1280 candida
969 1193 1058 1260 Maia

234 1294 379 1382 Cyllenae
392 1295 497 1382 gelido
511 1307 695 1380 conceptum
709 1295 826 1360 vertice
840 1294 936 1376 ludit,
1050 1287 1051 1292 ¹

234 1401 276 1467 At
290 1399 419 1479 Maiam,
434 1399 546 1464 auditis
560 1401 587 1464 si
601 1399 768 1485 quidquam
782 1397 949 1479 credimus,
962 1399 1059 1480 Atlas,

237 1503 324 1568 ldem
339 1500 427 1566 Atlas
441 1515 570 1588 generat
583 1500 655 1566 coeli
670 1502 723 1586 qui
736 1501 842 1568 sidera
856 1500 945 1566 tollit.

236 1607 286 1670 Sic
301 1627 397 1692 genus
412 1606 574 1670 amborum
588 1604 700 1670 scindit
713 1627 747 1670 se
761 1607 909 1692 sanguiue
924 1605 967 1671 ab
981 1627 1053 1670 uno.

235 1709 297 1772 His
311 1709 417 1788 frctus,
431 1731 492 1772 non
506 1707 634 1793 legatos,
648 1729 749 1793 neque
763 1712 865 1793 prima
882 1729 940 1794 per
955 1720 1054 1774 artem

236 1809 441 1874 Tentamenta
456 1813 499 1874 tui
513 1811 633 1896 pepig':
656 1831 715 1889 me,
730 1831 780 1876 me
794 1814 870 1896 ipse,
884 1833 1048 1896 meumque

235 1913 350 2000 Objeci
363 1925 466 1999 caput,
481 1926 513 1977 et
526 1912 657 1999 supplex
673 1913 714 1978 ad
730 1913 836 1980 limina
850 1918 933 1979 veni.

235 2016 320 2081 Gens
336 2014 455 2096 eadem,
470 2037 539 2100 quse
554 2027 594 2094 te,
609 2013 729 2080 crudeli
742 2015 868 2080 Daunia
887 2015 969 2082 bello

238 2119 432 2202 Insequitur:
454 2139 509 2182 nm
524 2120 552 2182 si
566 2116 692 2202 pellant,
707 2118 783 2182 nihil
798 2119 908 2183 abfore
922 2118 1055 2184 credunt

237 2221 321 2303 Quin
336 2243 457 2285 omnem
472 2221 660 2305 Hesperiam
675 2219 796 2306 peniths
811 2243 867 2286 sua
881 2223 1025 2310 subjuga
1040 2225 1171 2304 mittant,

238 2323 279 2388 Et
293 2345 380 2390 mare
396 2323 480 2409 quod
494 2323 587 2408 auprd
602 2337 736 2404 teneant,
751 2323 896 2409 quodque
911 2324 999 2390 alluit
1013 2326 1104 2391 iolrd.

238 2427 359 2512 Accipe
373 2425 476 2510 daque
492 2425 602 2491 fidem=
624 2439 693 2490 sunt
707 2426 796 2492 nobis
811 2427 904 2492 fortia
918 2426 1003 2492 bello
1206 2437 1268 2497 1⁵0

240 2529 381 2608 Pectora,
396 2541 465 2594 sunt
479 2529 583 2608 animi,
597 2541 628 2594 et
641 2529 735 2594 rebus
748 2544 888 2615 spectata
898 2532 1082 2666 juventus)L

279 2631 417 2696 Dixerat
431 2630 560 2696 AEneas:
584 2629 636 2696 ille
650 2653 685 2696 os
699 2632 867 2718 oculosque
882 2633 1033 2718 loquentis

239 2735 310 2800 Jam
325 2733 442 2800 dudum
457 2747 487 2798 et
503 2747 598 2800 totum
612 2733 764 2800 lustrabat
778 2734 891 2802 lumine
904 2759 1029 2823 corpus.

240 2835 319 2900 Tum
334 2837 378 2901 sic
393 2857 494 2922 pauca
507 2837 620 2902 refert:
638 2836 688 2932 'Ut
702 2849 741 2917 te,
755 2837 917 2920 fortissime
932 2839 1100 2924 Teucrtim,

240 2940 372 3026 Accipio
386 2961 583 3028 agnoscoque
598 2941 716 3006 libens!
738 2955 771 3006 ut
785 2943 883 3007 verba
897 2948 1035 3028 parentis
1206 2954 1266 3012 1⁵⁵

240 3041 280 3106 Et
294 3063 404 3106 vocem
419 3042 565 3110 Anchises
581 3047 684 3130 magni
699 3043 878 3130 vultumque
892 3047 1057 3112 recordor!

239 3143 319 3210 Nam
334 3146 459 3210 memini
473 3147 623 3212 Hesionae
639 3147 786 3212 visentem
799 3169 896 3234 regna
910 3153 1025 3215 sororis

240 3247 528 3316 Laomedontiaden
543 3249 711 3330 Priamum,
726 3250 884 3316 Salamina
898 3266 1062 3338 petentem,

240 3351 390 3420 Protenus
405 3352 550 3420 Arcadios
564 3351 684 3440 gelidos
698 3356 834 3419 invisere
848 3355 936 3420 fines.

238 3451 321 3520 Tum
335 3456 414 3520 mihi
429 3457 528 3542 prima
542 3477 637 3542 genas
652 3455 786 3522 vestibat
800 3455 876 3522 flore
885 3459 1034 3545 juventa3
1207 3467 1269 3528 160

241 3559 445 3644 Mirabarque
460 3559 556 3624 duces
570 3559 727 3640 Teucros3
747 3561 887 3626 mirabar
900 3573 932 3625 et
945 3565 1047 3647 ipsum

241 3661 548 3728 Laomedontiadenr
569 3661 625 3728 sed
639 3666 759 3727 cunctis
773 3661 866 3727 altior
879 3663 945 3727 ibat

243 3766 406 3832 Anchises.
448 3765 529 3830 Mihi
544 3787 630 3830 mens
640 3764 778 3853 juvenali
794 3763 928 3830 ardebat
942 3785 1048 3830 amore

242 3867 442 3960 Compellare
456 3873 566 3950 virum,
581 3881 612 3933 et
626 3868 747 3934 dextrae
761 3868 948 3954 conjungere
963 3863 1126 3934 dextramz

243 3974 381 4050 Accessi,
395 3985 425 4036 et
439 3971 570 4057 cupidus
585 3971 702 4036 Phenei
716 3972 774 4036 suh
789 3972 903 4034 moenia
917 3968 1004 4035 duxi.
1207 3983 1268 4044 165

242 4073 295 4140 llle
310 4075 389 4140 mihi
403 4076 551 4162 insignem
565 4075 745 4161 pharetram
760 4074 938 4160 Lyciasque
953 4076 1090 4162 sagittas,

241 4173 427 4256 Discedens,
439 4175 702 4266 chlamydemque
716 4199 793 4248 auro
807 4175 894 4246 dedit
906 4178 1113 4260 intertextam,
