2914 5130
189 481 250 543 28³
266 497 281 534 t
632 473 824 540 munos

231 631 381 702 Ducebat
396 633 569 722 Phrygios:
591 633 748 700 hommem
762 632 867 700 modia
881 633 949 720 ipss
961 634 1093 702 tenebor

232 737 402 826 Ingentem,
416 753 446 804 et
461 737 579 804 summi
592 737 721 803 Danaos
736 759 777 803 en
792 757 866 802 erce
881 739 1027 804 vocabat.

231 843 316 908 {lum
330 866 379 909 me
394 842 569 908 coniectum
583 843 668 906 euris
681 861 851 926 somnoque
864 853 1026 928 gravatum
1210 843 1271 906 520

233 945 346 1013 Infelix
362 946 471 1012 habuit
484 943 660 1024 tholamus;
681 945 855 1030 pressitque
866 945 1023 1031 jacentem

232 1043 345 1114 Dulcis
359 1063 389 1112 et
405 1047 466 1112 alto
482 1050 580 1133 quies,
594 1045 792 1134 placidaeque
806 1045 962 1114 simillima
976 1049 1079 1115 morti.

233 1151 368 1238 Egregia
384 1155 503 1216 intereo
517 1151 632 1237 conjux
647 1170 734 1214 arma
748 1151 852 1214 omnio
868 1149 960 1216 teotis

233 1253 374 1332 limeret,
390 1267 421 1317 et
435 1253 530 1317 lidum
543 1251 640 1338 capiti
654 1251 847 1316 subduxerat
860 1273 976 1318 ensem.
1115 1283 1120 1292 ·

233 1357 318 1422 intra
333 1369 417 1421 tecta
431 1369 523 1422 vocat
539 1353 726 1435 Menelaum,
740 1368 771 1420 et
785 1355 892 1422 limine
907 1355 1038 1440 panditr
1210 1363 1271 1422 525

234 1457 363 1524 Scilicet
378 1457 409 1523 id
425 1479 567 1545 magnum
582 1477 711 1542 sperans
725 1457 793 1522 lore
806 1479 916 1522 munus
931 1461 1059 1537 amanti,

233 1559 276 1626 Et
290 1561 409 1626 samam·
416 1559 556 1645 extingui
572 1571 712 1622 veterum
725 1561 771 1624 sic
786 1579 878 1644 posse
893 1557 1058 1628 malorum.

233 1662 319 1746 Quid
335 1666 459 1726 morori
480 1662 652 1746 irrumpunt
667 1661 825 1742 thalamos
845 1683 951 1728 comos
966 1661 1091 1728 additus
1104 1661 1166 1728 unt

234 1767 388 1831 Hortatur
402 1764 554 1830 scelerum
568 1761 723 1830 AEolides.
768 1763 822 1844 Di,
836 1764 912 1834 talia
925 1765 1030 1832 Grsiis

233 1869 417 1947 instaurate,
431 1868 483 1954 pio
497 1868 523 1932 si
537 1887 646 1953 poenas
659 1889 717 1933 ore
731 1889 873 1954 reposco.
1211 1871 1271 1934 530

234 1972 297 2037 Sed
311 1985 342 2036 te
356 1973 410 2056 qui
425 1971 528 2036 viuum
539 1991 641 2051 casus,
656 1993 724 2058 age,
739 1973 806 2038 sare
819 1973 958 2038 vicissim

232 2075 418 2143 Attulerint:
440 2074 583 2161 pelagiae
597 2077 685 2142 venis
699 2077 859 2142 erroribus
874 2081 982 2142 aetus?

233 2181 283 2244 An
298 2182 414 2244 monitu
428 2177 558 2242 divtmt
578 2199 618 2243 on
634 2200 705 2264 quae
720 2191 751 2243 te
766 2180 888 2244 senuna
904 2178 1023 2264 fatigat

233 2281 278 2348 Ut
292 2286 394 2349 tristes
408 2283 474 2348 sine
489 2282 555 2349 sole
568 2283 688 2362 domos,
702 2281 772 2348 loon
788 2281 924 2362 turbida,
939 2281 1065 2348 adires?

226 2386 307 2453 itte
323 2391 393 2451 vice
408 2391 582 2452 sermonum
597 2387 694 2452 roseis
710 2389 833 2450 Aurora
847 2384 1007 2473 quadrig's
1209 2394 1269 2452 536

232 2490 304 2556 Jam
319 2487 456 2554 medium
470 2488 601 2554 astherio
615 2509 708 2554 cursu
722 2488 888 2576 trajecerat
903 2509 1016 2570 axem3

232 2595 274 2659 Et
288 2593 352 2657 lors
367 2614 459 2658 omne
471 2591 581 2656 datum
596 2590 755 2656 traherent
768 2613 825 2676 per
840 2589 917 2656 talia
933 2605 1071 2678 tempus:

233 2695 297 2762 Sed
311 2717 415 2760 comes
430 2693 598 2774 admonuit,
613 2693 813 2777 breviterque
828 2691 922 2758 affata
938 2692 1062 2781 Sibylla
1075 2707 1141 2760 est:

232 2799 306 2866 Nox
321 2799 391 2880 ruit,
405 2795 533 2879 AEneaq
547 2819 603 2862 nos
617 2796 722 2862 flendo
734 2795 877 2864 ducimus
892 2797 998 2866 holmus

232 2903 299 2969 Hic
314 2901 400 2966 locus
415 2913 461 2966 est
475 2913 581 2986 partes
594 2899 650 2964 ubi
663 2919 697 2964 se
711 2899 764 2964 vie
778 2897 890 2964 findit
882 2923 911 2964 m
927 2899 1055 2966 ambas:
1210 2903 1270 2968 540

231 3005 384 3086 Dextera,
400 3025 469 3090 quoe
484 3003 568 3068 Ditis
582 3023 685 3088 magor
677 3003 758 3067 suh
772 3003 886 3068 moenia
900 3003 1016 3084 tendit3
1117 3055 1122 3065 .

232 3109 308 3175 Huc
322 3111 382 3172 iter
396 3106 538 3193 Elysium
553 3092 659 3170 nobis:
682 3116 714 3169 at
728 3103 808 3171 leva
822 3105 974 3172 malorutn

232 3209 371 3276 Exercet
385 3226 503 3295 peenas,
518 3207 627 3272 etad
619 3209 715 3294 turpia
730 3207 866 3272 Tartara
881 3209 985 3272 mittit.

231 3313 420 3402 Deiphobus
434 3311 563 3380 corruat
586 3309 634 3374 Ne
649 3313 735 3390 servi,
750 3331 862 3396 magus
877 3309 1042 3392 sacerdos,

112 3481 118 3494 ,
226 3415 415 3508 ‹Disqedauq
430 3413 565 3502 explebo
579 3433 740 3478 numerum
741 3413 942 3497 ‚reddarque
956 3412 1104 3480 tenebris.
1206 3423 1266 3482 ste

232 3523 257 3601 l,
270 3519 412 3600 decusi,
426 3531 582 3595 nostrum
603 3515 784 3580 melioribus
806 3529 893 3582 utere
907 3517 990 3582 satis.

232 3621 368 3690 Tonthnr
383 3619 502 3699 effatus,
517 3631 548 3684 et
561 3621 594 3686 in
606 3619 706 3684 verbo
721 3619 849 3704 vestigia
864 3624 962 3686 torsit.

275 3725 419 3811 Respicit
431 3720 551 3788 AEneas
565 3721 678 3802 subitd,
692 3735 724 3786 et
737 3721 796 3786 sub
810 3742 888 3807 rupe
902 3723 1025 3788 sinistri

233 3827 353 3895 Moenia
366 3827 430 3891 lata
443 3823 530 3890 videt
544 3823 660 3909 triplici
674 3821 867 3889 circumdata
882 3845 981 3906 mtuo,

230 3928 455 4015 eroerapidus
470 3919 600 3992 flammis
614 3928 713 3999 ambit
726 3927 914 3992 torrentibus
928 3929 1026 3994 amnis
1205 3935 1266 3995 5⁵⁰

232 4031 403 4096 Tartareus
418 4029 620 4116 Phlegethon,
634 4041 817 4114 torquetque
831 4030 973 4095 sonanda
986 4052 1077 4096 saxa.

235 4133 329 4200 Porta
343 4133 487 4214 adversa,
501 4135 620 4220 ingens,
633 4130 795 4219 solidoque
811 4129 977 4206 adamante
991 4135 1162 4216 columam
1248 4193 1256 4204 .
