2914 5130
194 499 253 558 202
637 489 828 554 AENEIDOS

242 655 402 738 Queritur
418 653 491 722 huic
507 651 607 718 aliuse
629 671 688 716 nec
703 651 869 737 quisquam
883 669 924 716 ex
938 648 1061 736 agmine
1076 663 1162 718 tanto

241 757 346 822 Audet
362 756 451 822 edire
466 755 577 835 virum,
591 753 797 838 manibusque
812 751 962 818 inducere
976 765 1100 818 caestus.

243 859 329 948 Ergo
345 859 470 940 alacris,
484 870 676 942 cunctosque
689 869 803 943 putens
818 855 974 922 excedere
988 855 1103 943 palmi,
1218 863 1282 922 ³80

245 961 353 1028 AEneae
369 966 452 1026 stetit
466 973 537 1026 ante
552 959 670 1046 pedes,
691 979 750 1024 nec
764 959 855 1046 plura
869 971 1016 1040 meratus,

245 1065 328 1130 Tum
342 1064 421 1130 laevi
437 1079 560 1130 taurum
574 1085 672 1132 comu
687 1077 780 1144 tenet,
795 1076 889 1149 atque
904 1067 949 1130 ite
963 1065 1068 1130 latur:

224 1221 227 1232 .
246 1169 329 1234 Nate
343 1167 414 1249 ded,
429 1172 455 1232 si
470 1189 563 1234 nemo
577 1167 672 1234 audet
686 1189 719 1234 se
734 1165 866 1233 credere
880 1179 1002 1254 pugne,

246 1274 325 1356 Qum
340 1273 410 1337 linis
423 1271 550 1338 standi?
571 1270 634 1357 qud
648 1293 698 1336 me
712 1270 804 1336 decet
818 1291 917 1357 usque
932 1271 1057 1336 tenerit

247 1376 376 1442 Ducere
391 1375 474 1442 done
484 1377 574 1463 jube.
618 1375 734 1442 Cuncti
748 1374 838 1442 simul
852 1397 907 1440 ore
921 1375 1099 1440 fremebant
1220 1381 1285 1438 38⁵

247 1479 453 1560 Dardanide,
467 1479 621 1564 reddique
635 1482 706 1544 viro
718 1479 872 1565 promisse
882 1477 1047 1565 jubebant.

248 1583 315 1648 Hic
329 1583 434 1671 gravis
449 1582 604 1648 Entellum
618 1581 713 1648 dictis
726 1585 860 1669 castiget
873 1586 1014 1661 Acestes,

249 1687 413 1752 Proximus
427 1699 460 1750 ut
473 1683 629 1752 viridante
644 1697 712 1750 toro
725 1685 912 1750 consederet
926 1685 1049 1750 herber

249 1787 381 1869 Entelle‚
396 1787 526 1852 heroum
540 1787 696 1872 quondam
710 1787 877 1852 fortissime
891 1787 1016 1867 frustm,

251 1889 393 1954 Tantane
408 1901 471 1954 tem
486 1889 608 1974 patiens
622 1888 707 1954 nullo
720 1889 892 1954 certamine
906 1888 973 1954 tolli
1222 1895 1287 1954 ³90

250 1991 345 2058 Dona
360 1993 465 2057 siuesl
486 1993 540 2058 ubi
555 2014 637 2058 nunc
651 1994 742 2059 nobis
756 1993 834 2059 deus
848 1992 912 2074 ille,
927 1994 1074 2080 magister

250 2093 474 2180 Nequidquam
488 2107 687 2175 memoratus,
701 2095 813 2182 Eryxl
833 2091 888 2162 ubi
902 2094 985 2160 lama
1000 2115 1192 2181 peromnem

170 2199 173 2206 “
250 2199 458 2280 Trinacriam,
474 2211 505 2264 et
518 2197 618 2286 spolia
632 2197 685 2264 illa
701 2203 761 2264 tuis
774 2198 943 2284 pendentia
957 2199 1070 2264 tectis?

252 2301 308 2368 llle
323 2303 382 2368 sub
397 2301 486 2370 hece
509 2303 581 2368 Non
596 2300 699 2368 leudis
715 2323 813 2384 emor,
827 2325 886 2368 nec
900 2301 999 2389 gloria
1014 2303 1109 2368 cessit

253 2403 346 2470 Pulsa
360 2418 442 2470 metu
458 2431 468 2486 3
489 2406 640 2471 sedenim
655 2402 777 2490 gelidus
792 2405 935 2472 tardante
949 2405 1077 2471 senectd
1225 2413 1289 2470 895

254 2509 385 2594 Sanguis
400 2507 506 2589 hebet,
520 2511 696 2595 frigentque
711 2507 823 2574 effoetee
839 2509 1017 2595 incorpore
1034 2513 1132 2574 vires.

253 2611 287 2676 Si
302 2611 390 2692 mihi,
405 2633 475 2698 qum
491 2610 649 2698 quondam
662 2613 776 2694 fuerat,
789 2613 914 2698 qusque
929 2612 1089 2699 improbus
1103 2613 1161 2676 iste

253 2715 397 2780 Exsultat
411 2715 520 2796 fidens,
533 2719 560 2781 si
575 2737 656 2782 nunc
672 2719 752 2780 soret
766 2715 819 2782 illu
829 2718 995 2802 juventam

253 2817 352 2884 Haud
368 2818 514 2904 equidem
527 2822 629 2904 pretio
643 2818 786 2886 inductus
800 2818 994 2906 pulchroque
1004 2821 1141 2907 juvence

254 2922 441 2988 Venissemr
464 2943 523 2988 uec
538 2922 621 2988 dona
634 2943 750 2988 moror.
795 2923 847 2988 Sic
862 2921 978 2988 deiude
994 2921 1123 3002 locutus,
1230 2930 1292 2987 400

255 3025 290 3088 ln
306 3024 443 3090 medium
457 3025 596 3112 geminos
610 3028 737 3090 immuni
752 3024 892 3110 pondere
906 3037 1018 3090 cestus

255 3127 400 3215 Projecit,
415 3129 529 3214 quibus
544 3149 619 3192 acer
634 3127 726 3215 Eryx
741 3129 772 3194 in
786 3129 898 3215 proelie
912 3141 1017 3194 suetus

255 3231 281 3294 F
283 3250 353 3294 erre
367 3251 503 3310 menum,
516 3229 658 3315 duroque
672 3229 835 3296 intendere
849 3230 983 3296 brechia
997 3243 1095 3318 tergo.

255 3331 455 3418 Obstupuere
469 3335 583 3398 enimin
604 3346 759 3398 tantorum
775 3335 910 3420 ingentis
925 3349 1044 3421 septem

256 3434 362 3522 Terga
375 3435 471 3501 boum
484 3434 613 3521 plumbo
628 3436 728 3501 insuto
741 3437 888 3524 ferroque
898 3437 1056 3526 rigebant.
1230 3445 1292 3504 405

257 3541 339 3604 Ante
353 3561 461 3605 omnes
474 3551 576 3625 stupet
590 3541 658 3626 ipse
673 3539 786 3622 Dares,
800 3539 953 3629 longeque
967 3553 1109 3606 recusat:

258 3643 537 3730 Magnanimusque
552 3643 759 3710 Anchisiades
774 3658 806 3710 et
819 3645 940 3732 pondus
955 3657 986 3709 et
1000 3648 1070 3729 ipsa

259 3745 335 3809 Huc
350 3742 422 3810 illuc
438 3744 610 3812 vinclorum
625 3750 775 3812 immense
790 3747 948 3814 volumine
962 3759 1078 3812 versat.

258 3847 340 3912 'rum
355 3853 457 3913 senior
470 3849 550 3915 tales
563 3851 723 3916 referebat
738 3863 866 3936 pectore
879 3871 993 3916 voces:

258 3947 353 4030 Quid,
367 3950 393 4013 si
407 3952 476 4036 quis
490 3968 602 4018 ceestus
617 3955 712 4040 ipsius
726 3967 758 4018 et
774 3953 922 4018 Herculis
937 3975 1026 4018 erma
1232 3961 1292 4021 410

259 4050 411 4133 Vidisset,
425 4054 606 4143 tristemque
621 4056 681 4124 lroc
695 4057 763 4144 ipse
777 4059 808 4122 in
823 4056 925 4122 littore
939 4063 1097 4144 pugnam!

261 4155 342 4220 Haec
356 4177 521 4241 germanus
530 4158 628 4244 'Eryx
643 4159 800 4250 quondam
814 4173 884 4226 tuus
899 4181 988 4226 arma
1002 4161 1152 4247 gerebat:
