2992 5102
603 826 842 932 noanon
867 829 927 928 v.

586 1163 780 1228 uanmcrs,
797 1165 936 1216 uorsus.

665 1333 852 1378 urnaaors.

268 1416 346 1482 Coa
361 1439 430 1495 non,
448 1415 573 1503 Mopse,
588 1419 659 1482 boni
676 1419 818 1504 quoniam
831 1419 1027 1484 convenimus
1042 1421 1141 1499 ambo,

268 1521 322 1584 Tu
337 1523 473 1597 mlamos
489 1523 594 1586 inflare
611 1524 706 1601 leves,
724 1541 783 1605 ego
799 1523 902 1586 dicere
918 1545 1034 1602 versus,

275 1627 338 1694 Hic
352 1629 461 1714 corylis
476 1630 589 1693 mixtas
604 1630 682 1692 iuter
697 1628 883 1691 considimus
898 1629 1020 1693 ulmos?

693 1751 833 1794 uorsus.

275 1839 327 1903 Tu
344 1838 445 1923 major,
461 1837 515 1902 tibi
531 1857 583 1899 me
599 1849 645 1900 est
661 1857 778 1921 aequum
796 1857 914 1920 parere,
930 1835 1094 1916 Menalca;

275 1942 349 2006 Sive
364 1944 418 2007 sub
434 1943 565 2006 incertas
582 1942 725 2027 zephyris
741 1942 921 2006 motantrlrus
936 1944 1068 2019 umbras,
1276 1947 1295 2004 5

274 2048 346 2113 Sive
363 2063 447 2112 antro
459 2047 568 2140 potitis,
584 2049 798 2113 succedimus:
821 2049 945 2132 adspice
958 2062 989 2112 ut
1005 2061 1122 2112 autrum

273 2153 428 2218 silvestris
442 2152 518 2216 raris
532 2153 640 2236 sparsit
654 2152 794 2217 labrusca
805 2153 946 2216 racemis.

671 2273 854 2318 amnuens.

272 2359 435 2426 Montibus
451 2359 480 2421 ia
495 2360 602 2422 nostris
616 2359 695 2423 solus
708 2359 761 2422 tibi
778 2372 876 2422 certet
890 2359 1050 2444 Amyntas.

694 2480 837 2524 uorsus.

272 2563 372 2642 Quid,
388 2565 413 2628 si
428 2564 510 2628 idem
526 2579 624 2630 certet
639 2562 793 2630 Phoebum
809 2585 952 2650 superare
964 2563 1130 2630 canendo?

665 2687 853 2732 utrracrs.

271 2772 390 2855 Incipe,
405 2772 524 2856 Mopse,
540 2773 643 2858 prior3
666 2775 690 2836 si
708 2795 783 2858 quos
798 2786 849 2836 aut
865 2771 1013 2856 Phyllidis
1027 2773 1122 2858 ignes,
1255 2777 1295 2836 10

272 2881 340 2942 Aut
354 2878 478 2944 Alconis
493 2881 588 2944 habes
603 2879 722 2957 laudes,
740 2893 791 2942 aot
801 2878 902 2964 jurgia
916 2877 1033 2944 Codri:

269 2981 403 3068 locipe3
423 2997 585 3069 pascentes
600 2984 730 3048 servabit
744 2983 872 3066 Tityrus
886 2983 999 3048 hedos.

686 3105 827 3148 uorsus.

273 3186 375 3252 Immo
390 3191 453 3252 han
469 3191 499 3252 in
515 3189 602 3254 viridi
618 3209 715 3273 nuper
731 3210 797 3273 quar
814 3189 927 3251 cortice
943 3185 1002 3272 lagi

272 3289 421 3357 Carmina
437 3292 594 3377 descripsi,
611 3307 642 3357 et
657 3293 816 3357 modulans
828 3292 941 3356 alterna
955 3292 1066 3368 notavi,

272 3397 449 3482 Experiar:
471 3411 503 3462 tu
519 3399 631 3464 deiude
642 3398 750 3485 jubeto
771 3411 867 3462 certet
882 3398 1041 3483 Amyntas.
1255 3400 1293 3458 15

667 3521 853 3564 arataeis.

272 3603 376 3670 Lenta
391 3605 468 3670 salix
484 3605 628 3691 quantum
643 3606 767 3690 pallenti
782 3605 864 3668 cedit
878 3605 974 3681 olivae,

274 3711 421 3777 Puniceis
436 3711 556 3778 humilis
571 3711 715 3796 quantiam
731 3710 865 3774 saliunca
880 3709 1007 3788 rosetis3

271 3817 399 3882 Judioio
409 3829 512 3884 nostro
524 3817 637 3882 tantum
653 3817 705 3880 tibi
721 3816 803 3880 cedit
818 3815 978 3898 Amyntas.

697 3939 837 3982 uorsus.

267 4023 339 4092 Sed
353 4039 388 4089 tu
399 4025 506 4092 desios
521 4024 617 4110 plora,
633 4045 708 4112 puer
721 4047 731 4104 3
754 4021 957 4088 successimus
971 4031 1068 4085 antro.
