<?xml version="1.0" encoding="UTF-8"?>
<!DOCTYPE html PUBLIC "-//W3C//DTD XHTML 1.0 Transitional//EN"
    "http://www.w3.org/TR/xhtml1/DTD/xhtml1-transitional.dtd">
<html xmlns="http://www.w3.org/1999/xhtml" xml:lang="en" lang="en">
 <head>
  <title>
</title>
<meta http-equiv="Content-Type" content="text/html;charset=utf-8" />
  <meta name='ocr-system' content='tesseract 3.04.00' />
  <meta name='ocr-capabilities' content='ocr_page ocr_carea ocr_par ocr_line ocrx_word'/>
</head>
<body>
  <div class='ocr_page' id='page_1' title='image "./bucolicageorgic01goulgoog_0342.png"; bbox 0 0 2978 5124; ppageno 0'>
   <div class='ocr_carea' id='block_1_1' title="bbox 171 481 868 546">
    <p class='ocr_par' dir='ltr' id='par_1_1' title="bbox 171 481 868 546">
     <span class='ocr_line' id='line_1_1' title="bbox 171 481 868 546; baseline 0.006 -6"><span class='ocrx_word' id='word_1_1' title='bbox 171 485 228 540; x_wconf 74' lang='lat' dir='ltr'><strong>att</strong></span> <span class='ocrx_word' id='word_1_2' title='bbox 620 481 808 546; x_wconf 68' lang='lat' dir='ltr'><strong>manthos</strong></span> <span class='ocrx_word' id='word_1_3' title='bbox 866 497 868 504; x_wconf 89' lang='lat'>&#39;</span> 
     </span>
    </p>
   </div>
   <div class='ocr_carea' id='block_1_2' title="bbox 219 618 1266 1336">
    <p class='ocr_par' dir='ltr' id='par_1_2' title="bbox 219 618 1266 1336">
     <span class='ocr_line' id='line_1_2' title="bbox 219 618 1128 724; baseline 0.002 -28"><span class='ocrx_word' id='word_1_4' title='bbox 219 631 318 696; x_wconf 85' lang='lat' dir='ltr'><strong>Deest</strong></span> <span class='ocrx_word' id='word_1_5' title='bbox 328 633 395 720; x_wconf 85' lang='lat' dir='ltr'><strong>jam</strong></span> <span class='ocrx_word' id='word_1_6' title='bbox 410 646 494 698; x_wconf 90' lang='lat' dir='ltr'><strong>terra</strong></span> <span class='ocrx_word' id='word_1_7' title='bbox 509 633 608 722; x_wconf 83' lang='lat' dir='ltr'><strong>lugae:</strong></span> <span class='ocrx_word' id='word_1_8' title='bbox 632 618 769 724; x_wconf 88' lang='lat' dir='ltr'><strong>pelagus,</strong></span> <span class='ocrx_word' id='word_1_9' title='bbox 784 635 952 722; x_wconf 89' lang='lat' dir='ltr'><strong>Trojamne</strong></span> <span class='ocrx_word' id='word_1_10' title='bbox 967 639 1128 720; x_wconf 74' lang='lat' dir='ltr'><strong>petemus?</strong></span> 
     </span>
     <span class='ocr_line' id='line_1_3' title="bbox 265 735 1079 823; baseline 0.005 -27"><span class='ocrx_word' id='word_1_11' title='bbox 265 735 346 797; x_wconf 75' lang='lat' dir='ltr'><strong>Haec</strong></span> <span class='ocrx_word' id='word_1_12' title='bbox 362 735 413 814; x_wconf 92' lang='lat' dir='ltr'><strong>ait,</strong></span> <span class='ocrx_word' id='word_1_13' title='bbox 429 748 459 800; x_wconf 93' lang='lat' dir='ltr'><strong>et</strong></span> <span class='ocrx_word' id='word_1_14' title='bbox 474 735 593 800; x_wconf 91' lang='lat' dir='ltr'><strong>medius</strong></span> <span class='ocrx_word' id='word_1_15' title='bbox 608 735 720 802; x_wconf 89' lang='lat' dir='ltr'><strong>densos</strong></span> <span class='ocrx_word' id='word_1_16' title='bbox 731 737 902 823; x_wconf 81' lang='lat' dir='ltr'><strong>prorumpit</strong></span> <span class='ocrx_word' id='word_1_17' title='bbox 917 739 949 801; x_wconf 96' lang='lat' dir='ltr'><strong>in</strong></span> <span class='ocrx_word' id='word_1_18' title='bbox 965 735 1079 800; x_wconf 85' lang='lat' dir='ltr'><strong>hostes.</strong></span> 
     </span>
     <span class='ocr_line' id='line_1_4' title="bbox 223 836 1266 924; baseline -0.002 -24"><span class='ocrx_word' id='word_1_19' title='bbox 223 836 345 902; x_wconf 91' lang='lat' dir='ltr'><strong>Obvius</strong></span> <span class='ocrx_word' id='word_1_20' title='bbox 361 837 434 902; x_wconf 91' lang='lat' dir='ltr'><strong>huic</strong></span> <span class='ocrx_word' id='word_1_21' title='bbox 450 837 594 924; x_wconf 85' lang='lat' dir='ltr'><strong>primdm,</strong></span> <span class='ocrx_word' id='word_1_22' title='bbox 609 841 680 904; x_wconf 88' lang='lat' dir='ltr'><strong>fatis</strong></span> <span class='ocrx_word' id='word_1_23' title='bbox 695 839 848 904; x_wconf 88' lang='lat' dir='ltr'><strong>adductus</strong></span> <span class='ocrx_word' id='word_1_24' title='bbox 863 837 987 924; x_wconf 90' lang='lat' dir='ltr'><strong>iniquis,</strong></span> <span class='ocrx_word' id='word_1_25' title='bbox 1201 837 1266 900; x_wconf 77' lang='lat'><strong>380</strong></span> 
     </span>
     <span class='ocr_line' id='line_1_5' title="bbox 225 939 1130 1028; baseline 0 -24"><span class='ocrx_word' id='word_1_26' title='bbox 225 939 274 1004; x_wconf 81' lang='lat' dir='ltr'><strong>Fit</strong></span> <span class='ocrx_word' id='word_1_27' title='bbox 289 940 411 1026; x_wconf 81' lang='lat' dir='ltr'>Lagus:</span> <span class='ocrx_word' id='word_1_28' title='bbox 435 941 526 1022; x_wconf 91' lang='lat' dir='ltr'><strong>hunc,</strong></span> <span class='ocrx_word' id='word_1_29' title='bbox 541 963 652 1028; x_wconf 89' lang='lat' dir='ltr'><strong>magno</strong></span> <span class='ocrx_word' id='word_1_30' title='bbox 667 941 755 1006; x_wconf 87' lang='lat' dir='ltr'><strong>vellit</strong></span> <span class='ocrx_word' id='word_1_31' title='bbox 769 943 841 1006; x_wconf 92' lang='lat' dir='ltr'><strong>dum</strong></span> <span class='ocrx_word' id='word_1_32' title='bbox 856 941 995 1028; x_wconf 89' lang='lat' dir='ltr'><strong>pondere</strong></span> <span class='ocrx_word' id='word_1_33' title='bbox 1011 962 1130 1021; x_wconf 86' lang='lat' dir='ltr'><strong>saxum,</strong></span> 
     </span>
     <span class='ocr_line' id='line_1_6' title="bbox 225 1044 809 1132; baseline 0.003 -24"><span class='ocrx_word' id='word_1_34' title='bbox 225 1045 340 1110; x_wconf 92' lang='lat' dir='ltr'><strong>lutorto</strong></span> <span class='ocrx_word' id='word_1_35' title='bbox 356 1045 419 1132; x_wconf 87' lang='lat' dir='ltr'><strong>tigit</strong></span> <span class='ocrx_word' id='word_1_36' title='bbox 435 1045 507 1124; x_wconf 89' lang='lat' dir='ltr'><strong>telo,</strong></span> <span class='ocrx_word' id='word_1_37' title='bbox 521 1044 701 1112; x_wconf 90' lang='lat' dir='ltr'><strong>discrimina</strong></span> <span class='ocrx_word' id='word_1_38' title='bbox 715 1046 809 1110; x_wconf 89' lang='lat' dir='ltr'><strong>costis</strong></span> 
     </span>
     <span class='ocr_line' id='line_1_7' title="bbox 226 1145 1086 1233; baseline 0.001 -24"><span class='ocrx_word' id='word_1_39' title='bbox 226 1145 287 1210; x_wconf 89' lang='lat' dir='ltr'><strong>Per</strong></span> <span class='ocrx_word' id='word_1_40' title='bbox 302 1145 437 1211; x_wconf 92' lang='lat' dir='ltr'><strong>medium</strong></span> <span class='ocrx_word' id='word_1_41' title='bbox 454 1145 516 1232; x_wconf 76' lang='lat' dir='ltr'><strong>quit</strong></span> <span class='ocrx_word' id='word_1_42' title='bbox 531 1150 620 1232; x_wconf 88' lang='lat' dir='ltr'><strong>spina</strong></span> <span class='ocrx_word' id='word_1_43' title='bbox 635 1146 731 1228; x_wconf 84' lang='lat' dir='ltr'>dedit,</span> <span class='ocrx_word' id='word_1_44' title='bbox 747 1147 929 1232; x_wconf 81' lang='lat' dir='ltr'><strong>hastamque</strong></span> <span class='ocrx_word' id='word_1_45' title='bbox 945 1159 1086 1233; x_wconf 89' lang='lat' dir='ltr'><strong>receptat</strong></span> 
     </span>
     <span class='ocr_line' id='line_1_8' title="bbox 224 1245 1155 1336; baseline -0.002 -25"><span class='ocrx_word' id='word_1_46' title='bbox 224 1247 355 1312; x_wconf 81' lang='lat' dir='ltr'>Ossibus</span> <span class='ocrx_word' id='word_1_47' title='bbox 370 1247 550 1315; x_wconf 84' lang='lat' dir='ltr'><strong>haerentem.</strong></span> <span class='ocrx_word' id='word_1_48' title='bbox 594 1249 694 1332; x_wconf 83' lang='lat' dir='ltr'>Quem</span> <span class='ocrx_word' id='word_1_49' title='bbox 710 1272 770 1314; x_wconf 91' lang='lat' dir='ltr'><strong>non</strong></span> <span class='ocrx_word' id='word_1_50' title='bbox 785 1271 878 1336; x_wconf 89' lang='lat' dir='ltr'><strong>super</strong></span> <span class='ocrx_word' id='word_1_51' title='bbox 893 1263 1026 1336; x_wconf 87' lang='lat' dir='ltr'><strong>occupat</strong></span> <span class='ocrx_word' id='word_1_52' title='bbox 1041 1245 1155 1326; x_wconf 87' lang='lat' dir='ltr'><strong>Hisbo,</strong></span> 
     </span>
    </p>
   </div>
   <div class='ocr_carea' id='block_1_3' title="bbox 110 1348 1280 4212">
    <p class='ocr_par' dir='ltr' id='par_1_3' title="bbox 227 1348 1266 1440">
     <span class='ocr_line' id='line_1_9' title="bbox 227 1348 1266 1440; baseline -0.003 -27"><span class='ocrx_word' id='word_1_53' title='bbox 227 1348 282 1414; x_wconf 91' lang='lat' dir='ltr'><strong>llle</strong></span> <span class='ocrx_word' id='word_1_54' title='bbox 298 1349 424 1435; x_wconf 91' lang='lat' dir='ltr'><strong>quidem</strong></span> <span class='ocrx_word' id='word_1_55' title='bbox 439 1351 499 1416; x_wconf 92' lang='lat' dir='ltr'><strong>hoc</strong></span> <span class='ocrx_word' id='word_1_56' title='bbox 514 1375 660 1440; x_wconf 89' lang='lat' dir='ltr'><strong>sperans;</strong></span> <span class='ocrx_word' id='word_1_57' title='bbox 681 1375 753 1417; x_wconf 90' lang='lat' dir='ltr'><strong>nam</strong></span> <span class='ocrx_word' id='word_1_58' title='bbox 770 1352 873 1417; x_wconf 89' lang='lat' dir='ltr'><strong>Pallas</strong></span> <span class='ocrx_word' id='word_1_59' title='bbox 888 1351 960 1416; x_wconf 69' lang='lat' dir='ltr'><strong>ant&amp;</strong></span> <span class='ocrx_word' id='word_1_60' title='bbox 975 1363 1128 1431; x_wconf 88' lang='lat' dir='ltr'><strong>ruentem,</strong></span> <span class='ocrx_word' id='word_1_61' title='bbox 1204 1353 1266 1412; x_wconf 77' lang='lat'><strong>385</strong></span> 
     </span>
    </p>

    <p class='ocr_par' dir='ltr' id='par_1_4' title="bbox 226 1451 961 1534">
     <span class='ocr_line' id='line_1_10' title="bbox 226 1451 961 1534; baseline 0 -16"><span class='ocrx_word' id='word_1_62' title='bbox 226 1451 311 1518; x_wconf 92' lang='lat' dir='ltr'><strong>Dum</strong></span> <span class='ocrx_word' id='word_1_63' title='bbox 325 1454 408 1534; x_wconf 89' lang='lat' dir='ltr'><strong>furit,</strong></span> <span class='ocrx_word' id='word_1_64' title='bbox 424 1458 579 1520; x_wconf 85' lang='lat' dir='ltr'><strong>incautum</strong></span> <span class='ocrx_word' id='word_1_65' title='bbox 595 1455 715 1519; x_wconf 88' lang='lat' dir='ltr'><strong>crudeli</strong></span> <span class='ocrx_word' id='word_1_66' title='bbox 730 1467 828 1520; x_wconf 90' lang='lat' dir='ltr'><strong>morte</strong></span> <span class='ocrx_word' id='word_1_67' title='bbox 844 1452 961 1519; x_wconf 88' lang='lat' dir='ltr'><strong>sodalis</strong></span> 
     </span>
    </p>

    <p class='ocr_par' dir='ltr' id='par_1_5' title="bbox 226 1553 1095 1642">
     <span class='ocr_line' id='line_1_11' title="bbox 226 1553 1095 1642; baseline 0.001 -24"><span class='ocrx_word' id='word_1_68' title='bbox 226 1555 363 1640; x_wconf 79' lang='lat' dir='ltr'>Excipit,</span> <span class='ocrx_word' id='word_1_69' title='bbox 377 1569 470 1639; x_wconf 90' lang='lat' dir='ltr'><strong>atque</strong></span> <span class='ocrx_word' id='word_1_70' title='bbox 486 1579 591 1622; x_wconf 85' lang='lat' dir='ltr'><strong>ensem</strong></span> <span class='ocrx_word' id='word_1_71' title='bbox 607 1557 723 1622; x_wconf 91' lang='lat' dir='ltr'><strong>tumido</strong></span> <span class='ocrx_word' id='word_1_72' title='bbox 738 1558 767 1620; x_wconf 94' lang='lat' dir='ltr'><strong>in</strong></span> <span class='ocrx_word' id='word_1_73' title='bbox 783 1555 927 1642; x_wconf 90' lang='lat' dir='ltr'><strong>pulmone</strong></span> <span class='ocrx_word' id='word_1_74' title='bbox 942 1553 1095 1620; x_wconf 82' lang='lat' dir='ltr'><strong>recondit.</strong></span> 
     </span>
    </p>

    <p class='ocr_par' dir='ltr' id='par_1_6' title="bbox 226 1657 1072 1746">
     <span class='ocr_line' id='line_1_12' title="bbox 226 1657 1072 1746; baseline -0.001 -24"><span class='ocrx_word' id='word_1_75' title='bbox 226 1657 313 1722; x_wconf 88' lang='lat' dir='ltr'><strong>Hinc</strong></span> <span class='ocrx_word' id='word_1_76' title='bbox 329 1658 507 1724; x_wconf 81' lang='lat' dir='ltr'><strong>Sthenelum</strong></span> <span class='ocrx_word' id='word_1_77' title='bbox 522 1661 607 1746; x_wconf 92' lang='lat' dir='ltr'><strong>petit,</strong></span> <span class='ocrx_word' id='word_1_78' title='bbox 622 1673 653 1722; x_wconf 91' lang='lat' dir='ltr'><strong>et</strong></span> <span class='ocrx_word' id='word_1_79' title='bbox 668 1659 776 1724; x_wconf 82' lang='lat' dir='ltr'><strong>Rhoeti</strong></span> <span class='ocrx_word' id='word_1_80' title='bbox 790 1659 830 1723; x_wconf 90' lang='lat' dir='ltr'><strong>de</strong></span> <span class='ocrx_word' id='word_1_81' title='bbox 845 1673 935 1746; x_wconf 89' lang='lat' dir='ltr'><strong>gente</strong></span> <span class='ocrx_word' id='word_1_82' title='bbox 951 1657 1072 1722; x_wconf 76' lang='lat' dir='ltr'><strong>vetustd</strong></span> 
     </span>
    </p>

    <p class='ocr_par' dir='ltr' id='par_1_7' title="bbox 225 1760 1088 1846">
     <span class='ocr_line' id='line_1_13' title="bbox 225 1760 1088 1846; baseline 0.001 -24"><span class='ocrx_word' id='word_1_83' title='bbox 225 1760 460 1846; x_wconf 81' lang='lat' dir='ltr'><strong>Anchemolum,</strong></span> <span class='ocrx_word' id='word_1_84' title='bbox 475 1762 628 1828; x_wconf 85' lang='lat' dir='ltr'><strong>thalamos</strong></span> <span class='ocrx_word' id='word_1_85' title='bbox 643 1783 750 1827; x_wconf 89' lang='lat' dir='ltr'><strong>ausum</strong></span> <span class='ocrx_word' id='word_1_86' title='bbox 765 1763 918 1826; x_wconf 83' lang='lat' dir='ltr'><strong>incestare</strong></span> <span class='ocrx_word' id='word_1_87' title='bbox 933 1781 1088 1826; x_wconf 83' lang='lat' dir='ltr'><strong>novercae.</strong></span> 
     </span>
    </p>

    <p class='ocr_par' dir='ltr' id='par_1_8' title="bbox 227 1863 1270 1952">
     <span class='ocr_line' id='line_1_14' title="bbox 227 1863 1270 1952; baseline -0.004 -23"><span class='ocrx_word' id='word_1_88' title='bbox 227 1864 296 1929; x_wconf 89' lang='lat' dir='ltr'><strong>Vos</strong></span> <span class='ocrx_word' id='word_1_89' title='bbox 311 1867 404 1930; x_wconf 90' lang='lat' dir='ltr'><strong>etiam</strong></span> <span class='ocrx_word' id='word_1_90' title='bbox 418 1867 530 1952; x_wconf 86' lang='lat' dir='ltr'><strong>gemini</strong></span> <span class='ocrx_word' id='word_1_91' title='bbox 546 1863 668 1930; x_wconf 91' lang='lat' dir='ltr'><strong>Rutulis</strong></span> <span class='ocrx_word' id='word_1_92' title='bbox 683 1864 840 1928; x_wconf 84' lang='lat' dir='ltr'><strong>cecidistis</strong></span> <span class='ocrx_word' id='word_1_93' title='bbox 856 1867 888 1928; x_wconf 90' lang='lat' dir='ltr'><strong>in</strong></span> <span class='ocrx_word' id='word_1_94' title='bbox 903 1863 995 1942; x_wconf 89' lang='lat' dir='ltr'><strong>urvis,</strong></span> <span class='ocrx_word' id='word_1_95' title='bbox 1206 1867 1270 1925; x_wconf 82' lang='lat'><strong>³90</strong></span> 
     </span>
    </p>

    <p class='ocr_par' dir='ltr' id='par_1_9' title="bbox 110 1963 1043 2055">
     <span class='ocr_line' id='line_1_15' title="bbox 110 1963 1043 2055; baseline -0.001 -25"><span class='ocrx_word' id='word_1_96' title='bbox 110 1963 114 1970; x_wconf 56' lang='lat'><em>&#39;</em></span> <span class='ocrx_word' id='word_1_97' title='bbox 226 1963 360 2048; x_wconf 87' lang='lat' dir='ltr'><strong>Daucia,</strong></span> <span class='ocrx_word' id='word_1_98' title='bbox 375 1967 491 2033; x_wconf 90' lang='lat' dir='ltr'><strong>Laride</strong></span> <span class='ocrx_word' id='word_1_99' title='bbox 506 1965 744 2055; x_wconf 85' lang='lat' dir='ltr'><strong>Thymberque,</strong></span> <span class='ocrx_word' id='word_1_100' title='bbox 759 1965 914 2030; x_wconf 89' lang='lat' dir='ltr'><strong>simillima</strong></span> <span class='ocrx_word' id='word_1_101' title='bbox 929 1963 1043 2052; x_wconf 89' lang='lat' dir='ltr'><strong>proles,</strong></span> 
     </span>
    </p>

    <p class='ocr_par' dir='ltr' id='par_1_10' title="bbox 228 2069 981 2160">
     <span class='ocr_line' id='line_1_16' title="bbox 228 2069 981 2160; baseline 0.003 -28"><span class='ocrx_word' id='word_1_102' title='bbox 228 2069 399 2138; x_wconf 87' lang='lat' dir='ltr'><strong>lndiscreta</strong></span> <span class='ocrx_word' id='word_1_103' title='bbox 413 2074 485 2154; x_wconf 88' lang='lat' dir='ltr'><strong>suis,</strong></span> <span class='ocrx_word' id='word_1_104' title='bbox 499 2085 665 2160; x_wconf 84' lang='lat' dir='ltr'><strong>gratusque</strong></span> <span class='ocrx_word' id='word_1_105' title='bbox 680 2073 863 2158; x_wconf 87' lang='lat' dir='ltr'><strong>parentibus</strong></span> <span class='ocrx_word' id='word_1_106' title='bbox 878 2093 981 2136; x_wconf 90' lang='lat' dir='ltr'><strong>error:</strong></span> 
     </span>
    </p>

    <p class='ocr_par' dir='ltr' id='par_1_11' title="bbox 229 2171 997 2246">
     <span class='ocr_line' id='line_1_17' title="bbox 229 2171 997 2246; baseline -0.004 -9"><span class='ocrx_word' id='word_1_107' title='bbox 229 2175 270 2237; x_wconf 82' lang='lat' dir='ltr'><strong>At</strong></span> <span class='ocrx_word' id='word_1_108' title='bbox 286 2197 365 2246; x_wconf 87' lang='lat' dir='ltr'><strong>nunc</strong></span> <span class='ocrx_word' id='word_1_109' title='bbox 382 2175 460 2240; x_wconf 90' lang='lat' dir='ltr'><strong>dura</strong></span> <span class='ocrx_word' id='word_1_110' title='bbox 475 2173 562 2240; x_wconf 89' lang='lat' dir='ltr'><strong>dedit</strong></span> <span class='ocrx_word' id='word_1_111' title='bbox 576 2176 667 2240; x_wconf 88' lang='lat' dir='ltr'><strong>vobis</strong></span> <span class='ocrx_word' id='word_1_112' title='bbox 682 2175 861 2239; x_wconf 91' lang='lat' dir='ltr'><strong>discrimina</strong></span> <span class='ocrx_word' id='word_1_113' title='bbox 877 2171 997 2238; x_wconf 87' lang='lat' dir='ltr'><strong>Pallas:</strong></span> 
     </span>
    </p>

    <p class='ocr_par' dir='ltr' id='par_1_12' title="bbox 228 2275 1136 2368">
     <span class='ocr_line' id='line_1_18' title="bbox 228 2275 1136 2368; baseline 0.001 -27"><span class='ocrx_word' id='word_1_114' title='bbox 228 2276 310 2344; x_wconf 89' lang='lat' dir='ltr'><strong>Nam</strong></span> <span class='ocrx_word' id='word_1_115' title='bbox 325 2279 391 2360; x_wconf 91' lang='lat' dir='ltr'><strong>tibi,</strong></span> <span class='ocrx_word' id='word_1_116' title='bbox 406 2279 579 2368; x_wconf 83' lang='lat' dir='ltr'><strong>Thymbre,</strong></span> <span class='ocrx_word' id='word_1_117' title='bbox 593 2292 687 2366; x_wconf 89' lang='lat' dir='ltr'><strong>caput</strong></span> <span class='ocrx_word' id='word_1_118' title='bbox 702 2278 879 2344; x_wconf 88' lang='lat' dir='ltr'><strong>Evandrius</strong></span> <span class='ocrx_word' id='word_1_119' title='bbox 894 2275 1020 2342; x_wconf 89' lang='lat' dir='ltr'><strong>abstulit</strong></span> <span class='ocrx_word' id='word_1_120' title='bbox 1034 2277 1115 2342; x_wconf 91' lang='lat' dir='ltr'><strong>ensis</strong></span> <span class='ocrx_word' id='word_1_121' title='bbox 1127 2303 1136 2358; x_wconf 76' lang='lat'>3</span> 
     </span>
    </p>

    <p class='ocr_par' dir='ltr' id='par_1_13' title="bbox 229 2380 1270 2466">
     <span class='ocr_line' id='line_1_19' title="bbox 229 2380 1270 2466; baseline 0.001 -21"><span class='ocrx_word' id='word_1_122' title='bbox 229 2381 278 2446; x_wconf 92' lang='lat' dir='ltr'><strong>Te</strong></span> <span class='ocrx_word' id='word_1_123' title='bbox 292 2380 399 2447; x_wconf 89' lang='lat' dir='ltr'><strong>decisa</strong></span> <span class='ocrx_word' id='word_1_124' title='bbox 414 2405 511 2464; x_wconf 91' lang='lat' dir='ltr'><strong>suum,</strong></span> <span class='ocrx_word' id='word_1_125' title='bbox 526 2381 653 2462; x_wconf 89' lang='lat' dir='ltr'><strong>Laride,</strong></span> <span class='ocrx_word' id='word_1_126' title='bbox 668 2381 797 2447; x_wconf 87' lang='lat' dir='ltr'><strong>dextera</strong></span> <span class='ocrx_word' id='word_1_127' title='bbox 813 2385 934 2466; x_wconf 70' lang='lat' dir='ltr'><strong>quaerit,</strong></span> <span class='ocrx_word' id='word_1_128' title='bbox 1207 2387 1270 2446; x_wconf 78' lang='grc'><strong>395</strong></span> 
     </span>
    </p>

    <p class='ocr_par' dir='ltr' id='par_1_14' title="bbox 231 2485 1120 2672">
     <span class='ocr_line' id='line_1_20' title="bbox 231 2485 1120 2572; baseline 0.001 -23"><span class='ocrx_word' id='word_1_129' title='bbox 231 2485 251 2549; x_wconf 91' lang='lat' dir='ltr'>S</span> <span class='ocrx_word' id='word_1_130' title='bbox 272 2485 492 2569; x_wconf 88' lang='lat' dir='ltr'><strong>mianimesque</strong></span> <span class='ocrx_word' id='word_1_131' title='bbox 507 2485 622 2550; x_wconf 88' lang='lat' dir='ltr'><strong>micant</strong></span> <span class='ocrx_word' id='word_1_132' title='bbox 636 2485 732 2572; x_wconf 85' lang='lat' dir='ltr'><strong>digiti,</strong></span> <span class='ocrx_word' id='word_1_133' title='bbox 746 2487 924 2570; x_wconf 83' lang='lat' dir='ltr'><strong>ferrumque</strong></span> <span class='ocrx_word' id='word_1_134' title='bbox 939 2497 1120 2552; x_wconf 87' lang='lat' dir='ltr'><strong>retractant.</strong></span> 
     </span>
     <span class='ocr_line' id='line_1_21' title="bbox 271 2585 1068 2672; baseline 0.003 -22"><span class='ocrx_word' id='word_1_135' title='bbox 271 2585 413 2652; x_wconf 85' lang='lat' dir='ltr'><strong>Arcadas</strong></span> <span class='ocrx_word' id='word_1_136' title='bbox 429 2608 577 2654; x_wconf 88' lang='lat' dir='ltr'><strong>accensos</strong></span> <span class='ocrx_word' id='word_1_137' title='bbox 591 2587 717 2668; x_wconf 90' lang='lat' dir='ltr'><strong>monitu,</strong></span> <span class='ocrx_word' id='word_1_138' title='bbox 733 2601 763 2650; x_wconf 91' lang='lat' dir='ltr'><strong>et</strong></span> <span class='ocrx_word' id='word_1_139' title='bbox 778 2585 932 2672; x_wconf 83' lang='lat' dir='ltr'><strong>praeclara</strong></span> <span class='ocrx_word' id='word_1_140' title='bbox 949 2601 1068 2656; x_wconf 88' lang='lat' dir='ltr'><strong>tuentes</strong></span> 
     </span>
    </p>

    <p class='ocr_par' dir='ltr' id='par_1_15' title="bbox 232 2687 1094 2776">
     <span class='ocr_line' id='line_1_22' title="bbox 232 2687 1094 2776; baseline 0.001 -21"><span class='ocrx_word' id='word_1_141' title='bbox 232 2690 328 2756; x_wconf 81' lang='lat' dir='ltr'><strong>Facta</strong></span> <span class='ocrx_word' id='word_1_142' title='bbox 344 2691 412 2771; x_wconf 89' lang='lat' dir='ltr'><strong>viri,</strong></span> <span class='ocrx_word' id='word_1_143' title='bbox 426 2691 540 2756; x_wconf 87' lang='lat' dir='ltr'><strong>mixtus</strong></span> <span class='ocrx_word' id='word_1_144' title='bbox 555 2689 644 2754; x_wconf 91' lang='lat' dir='ltr'><strong>dolor</strong></span> <span class='ocrx_word' id='word_1_145' title='bbox 659 2703 690 2754; x_wconf 94' lang='lat' dir='ltr'><strong>et</strong></span> <span class='ocrx_word' id='word_1_146' title='bbox 703 2687 804 2776; x_wconf 91' lang='lat' dir='ltr'><strong>pudor</strong></span> <span class='ocrx_word' id='word_1_147' title='bbox 819 2703 917 2754; x_wconf 89' lang='lat' dir='ltr'><strong>armat</strong></span> <span class='ocrx_word' id='word_1_148' title='bbox 932 2690 963 2755; x_wconf 90' lang='lat' dir='ltr'><strong>in</strong></span> <span class='ocrx_word' id='word_1_149' title='bbox 978 2690 1094 2758; x_wconf 87' lang='lat' dir='ltr'><strong>hostes.</strong></span> 
     </span>
    </p>

    <p class='ocr_par' dir='ltr' id='par_1_16' title="bbox 230 2791 1019 2882">
     <span class='ocr_line' id='line_1_23' title="bbox 230 2791 1019 2882; baseline 0.001 -25"><span class='ocrx_word' id='word_1_150' title='bbox 230 2795 311 2858; x_wconf 94' lang='lat' dir='ltr'><strong>Tum</strong></span> <span class='ocrx_word' id='word_1_151' title='bbox 327 2793 430 2858; x_wconf 87' lang='lat' dir='ltr'><strong>Pallas</strong></span> <span class='ocrx_word' id='word_1_152' title='bbox 445 2795 557 2882; x_wconf 89' lang='lat' dir='ltr'><strong>bijugis</strong></span> <span class='ocrx_word' id='word_1_153' title='bbox 572 2793 737 2880; x_wconf 87' lang='lat' dir='ltr'><strong>lugientem</strong></span> <span class='ocrx_word' id='word_1_154' title='bbox 755 2791 891 2858; x_wconf 88' lang='lat' dir='ltr'><strong>Rhoetea</strong></span> <span class='ocrx_word' id='word_1_155' title='bbox 904 2808 1019 2879; x_wconf 84' lang='lat' dir='ltr'><strong>praeter</strong></span> 
     </span>
    </p>

    <p class='ocr_par' dir='ltr' id='par_1_17' title="bbox 230 2895 1274 2982">
     <span class='ocr_line' id='line_1_24' title="bbox 230 2895 1274 2982; baseline 0.004 -22"><span class='ocrx_word' id='word_1_156' title='bbox 230 2895 377 2982; x_wconf 76' lang='lat' dir='ltr'><strong>Trajicitt</strong></span> <span class='ocrx_word' id='word_1_157' title='bbox 400 2895 459 2960; x_wconf 92' lang='lat' dir='ltr'><strong>hoc</strong></span> <span class='ocrx_word' id='word_1_158' title='bbox 474 2895 616 2981; x_wconf 88' lang='lat' dir='ltr'><strong>spatium,</strong></span> <span class='ocrx_word' id='word_1_159' title='bbox 631 2907 810 2979; x_wconf 86' lang='lat' dir='ltr'><strong>tantumque</strong></span> <span class='ocrx_word' id='word_1_160' title='bbox 826 2916 921 2959; x_wconf 82' lang='lat' dir='ltr'><strong>morae</strong></span> <span class='ocrx_word' id='word_1_161' title='bbox 937 2896 994 2959; x_wconf 88' lang='lat' dir='ltr'><strong>luit</strong></span> <span class='ocrx_word' id='word_1_162' title='bbox 1010 2895 1071 2961; x_wconf 87' lang='lat' dir='ltr'><strong>llo:</strong></span> <span class='ocrx_word' id='word_1_163' title='bbox 1211 2905 1274 2964; x_wconf 81' lang='lat'><strong>400</strong></span> 
     </span>
    </p>

    <p class='ocr_par' dir='ltr' id='par_1_18' title="bbox 230 2995 1018 3084">
     <span class='ocr_line' id='line_1_25' title="bbox 230 2995 1018 3084; baseline 0 -22"><span class='ocrx_word' id='word_1_164' title='bbox 230 2997 275 3062; x_wconf 92' lang='lat' dir='ltr'><strong>llo</strong></span> <span class='ocrx_word' id='word_1_165' title='bbox 290 3019 424 3084; x_wconf 87' lang='lat' dir='ltr'><strong>namque</strong></span> <span class='ocrx_word' id='word_1_166' title='bbox 438 2998 547 3084; x_wconf 90' lang='lat' dir='ltr'><strong>procul</strong></span> <span class='ocrx_word' id='word_1_167' title='bbox 563 2995 698 3062; x_wconf 87' lang='lat' dir='ltr'><strong>validam</strong></span> <span class='ocrx_word' id='word_1_168' title='bbox 713 2996 871 3062; x_wconf 82' lang='lat' dir='ltr'><strong>direxerat</strong></span> <span class='ocrx_word' id='word_1_169' title='bbox 887 2995 1018 3078; x_wconf 90' lang='lat' dir='ltr'><strong>hastam,</strong></span> 
     </span>
    </p>

    <p class='ocr_par' dir='ltr' id='par_1_19' title="bbox 231 3099 1108 3186">
     <span class='ocr_line' id='line_1_26' title="bbox 231 3099 1108 3186; baseline 0 -22"><span class='ocrx_word' id='word_1_170' title='bbox 231 3100 333 3183; x_wconf 84' lang='lat' dir='ltr'><strong>Quam</strong></span> <span class='ocrx_word' id='word_1_171' title='bbox 347 3099 466 3164; x_wconf 88' lang='lat' dir='ltr'><strong>medius</strong></span> <span class='ocrx_word' id='word_1_172' title='bbox 482 3099 634 3164; x_wconf 76' lang='lat' dir='ltr'><strong>Rhoeteus</strong></span> <span class='ocrx_word' id='word_1_173' title='bbox 649 3099 813 3186; x_wconf 87' lang='lat' dir='ltr'><strong>intercipit,</strong></span> <span class='ocrx_word' id='word_1_174' title='bbox 828 3099 943 3184; x_wconf 68' lang='lat' dir='ltr'><strong>optim</strong></span> <span class='ocrx_word' id='word_1_175' title='bbox 958 3099 1108 3180; x_wconf 86' lang='lat' dir='ltr'><strong>Teuthra,</strong></span> 
     </span>
    </p>

    <p class='ocr_par' dir='ltr' id='par_1_20' title="bbox 231 3201 1078 3290">
     <span class='ocr_line' id='line_1_27' title="bbox 231 3201 1078 3290; baseline 0.001 -23"><span class='ocrx_word' id='word_1_176' title='bbox 231 3203 279 3268; x_wconf 89' lang='lat' dir='ltr'><strong>Te</strong></span> <span class='ocrx_word' id='word_1_177' title='bbox 294 3204 413 3290; x_wconf 87' lang='lat' dir='ltr'><strong>lugiens</strong></span> <span class='ocrx_word' id='word_1_178' title='bbox 428 3203 618 3288; x_wconf 82' lang='lat' dir='ltr'><strong>fratremque</strong></span> <span class='ocrx_word' id='word_1_179' title='bbox 633 3201 742 3287; x_wconf 86' lang='lat' dir='ltr'><strong>Tyren</strong></span> <span class='ocrx_word' id='word_1_180' title='bbox 755 3228 764 3283; x_wconf 82' lang='lat'>3</span> <span class='ocrx_word' id='word_1_181' title='bbox 785 3221 941 3286; x_wconf 91' lang='lat' dir='ltr'><strong>curruque</strong></span> <span class='ocrx_word' id='word_1_182' title='bbox 955 3202 1078 3268; x_wconf 92' lang='lat' dir='ltr'><strong>volutus</strong></span> 
     </span>
    </p>

    <p class='ocr_par' dir='ltr' id='par_1_21' title="bbox 232 3301 994 3372">
     <span class='ocr_line' id='line_1_28' title="bbox 232 3301 994 3372; baseline 0 -2"><span class='ocrx_word' id='word_1_183' title='bbox 232 3305 334 3372; x_wconf 77' lang='lat' dir='ltr'><strong>Caedit</strong></span> <span class='ocrx_word' id='word_1_184' title='bbox 349 3305 534 3370; x_wconf 89' lang='lat' dir='ltr'><strong>semianimis</strong></span> <span class='ocrx_word' id='word_1_185' title='bbox 551 3301 736 3369; x_wconf 88' lang='lat' dir='ltr'><strong>Rutulorum</strong></span> <span class='ocrx_word' id='word_1_186' title='bbox 750 3304 891 3368; x_wconf 87' lang='lat' dir='ltr'><strong>calcibus</strong></span> <span class='ocrx_word' id='word_1_187' title='bbox 906 3327 994 3370; x_wconf 83' lang='lat' dir='ltr'><strong>arva.</strong></span> 
     </span>
    </p>

    <p class='ocr_par' dir='ltr' id='par_1_22' title="bbox 232 3408 861 3494">
     <span class='ocr_line' id='line_1_29' title="bbox 232 3408 861 3494; baseline -0.008 -17"><span class='ocrx_word' id='word_1_188' title='bbox 232 3413 279 3478; x_wconf 81' lang='lat' dir='ltr'><strong>Ac</strong></span> <span class='ocrx_word' id='word_1_189' title='bbox 294 3408 379 3474; x_wconf 90' lang='lat' dir='ltr'><strong>velut</strong></span> <span class='ocrx_word' id='word_1_190' title='bbox 392 3408 498 3494; x_wconf 79' lang='lat' dir='ltr'><strong>optato</strong></span> <span class='ocrx_word' id='word_1_191' title='bbox 513 3412 613 3472; x_wconf 89' lang='lat' dir='ltr'><strong>ventis</strong></span> <span class='ocrx_word' id='word_1_192' title='bbox 629 3421 732 3472; x_wconf 79' lang='lat' dir='ltr'><strong>astate</strong></span> <span class='ocrx_word' id='word_1_193' title='bbox 746 3411 861 3472; x_wconf 90' lang='lat' dir='ltr'><strong>coortis</strong></span> 
     </span>
    </p>

    <p class='ocr_par' dir='ltr' id='par_1_23' title="bbox 231 3508 928 3600">
     <span class='ocr_line' id='line_1_30' title="bbox 231 3508 928 3600; baseline -0.007 -22"><span class='ocrx_word' id='word_1_194' title='bbox 231 3513 382 3600; x_wconf 88' lang='lat' dir='ltr'><strong>Dispersa</strong></span> <span class='ocrx_word' id='word_1_195' title='bbox 396 3512 532 3575; x_wconf 89' lang='lat' dir='ltr'><strong>immittit</strong></span> <span class='ocrx_word' id='word_1_196' title='bbox 546 3509 631 3574; x_wconf 92' lang='lat' dir='ltr'><strong>silvis</strong></span> <span class='ocrx_word' id='word_1_197' title='bbox 645 3508 789 3574; x_wconf 89' lang='lat' dir='ltr'><strong>incendia</strong></span> <span class='ocrx_word' id='word_1_198' title='bbox 803 3522 928 3597; x_wconf 80' lang='lat' dir='ltr'><strong>pastor3</strong></span> 
     </span>
    </p>

    <p class='ocr_par' dir='ltr' id='par_1_24' title="bbox 232 3609 915 3700">
     <span class='ocr_line' id='line_1_31' title="bbox 232 3609 915 3700; baseline -0.006 -21"><span class='ocrx_word' id='word_1_199' title='bbox 232 3615 395 3700; x_wconf 90' lang='lat' dir='ltr'><strong>Correptis</strong></span> <span class='ocrx_word' id='word_1_200' title='bbox 410 3612 511 3678; x_wconf 82' lang='lat' dir='ltr'><strong>subitd</strong></span> <span class='ocrx_word' id='word_1_201' title='bbox 527 3609 648 3692; x_wconf 93' lang='lat' dir='ltr'><strong>mediis,</strong></span> <span class='ocrx_word' id='word_1_202' title='bbox 663 3611 840 3676; x_wconf 86' lang='lat' dir='ltr'><strong>extenditur</strong></span> <span class='ocrx_word' id='word_1_203' title='bbox 853 3611 915 3676; x_wconf 75' lang='lat' dir='ltr'><strong>unul</strong></span> 
     </span>
    </p>

    <p class='ocr_par' dir='ltr' id='par_1_25' title="bbox 234 3715 970 3802">
     <span class='ocr_line' id='line_1_32' title="bbox 234 3715 970 3802; baseline -0.005 -20"><span class='ocrx_word' id='word_1_204' title='bbox 234 3715 376 3782; x_wconf 86' lang='lat' dir='ltr'><strong>Horrida</strong></span> <span class='ocrx_word' id='word_1_205' title='bbox 390 3738 448 3802; x_wconf 91' lang='lat' dir='ltr'><strong>per</strong></span> <span class='ocrx_word' id='word_1_206' title='bbox 463 3715 541 3779; x_wconf 88' lang='lat' dir='ltr'><strong>latos</strong></span> <span class='ocrx_word' id='word_1_207' title='bbox 557 3715 640 3779; x_wconf 90' lang='lat' dir='ltr'><strong>acies</strong></span> <span class='ocrx_word' id='word_1_208' title='bbox 656 3715 810 3780; x_wconf 88' lang='lat' dir='ltr'><strong>Vulcania</strong></span> <span class='ocrx_word' id='word_1_209' title='bbox 825 3736 970 3802; x_wconf 87' lang='lat' dir='ltr'><strong>campos:</strong></span> 
     </span>
    </p>

    <p class='ocr_par' dir='ltr' id='par_1_26' title="bbox 232 3816 1012 3904">
     <span class='ocr_line' id='line_1_33' title="bbox 232 3816 1012 3904; baseline -0.004 -20"><span class='ocrx_word' id='word_1_210' title='bbox 232 3818 289 3884; x_wconf 92' lang='lat' dir='ltr'><strong>Ille</strong></span> <span class='ocrx_word' id='word_1_211' title='bbox 303 3817 415 3884; x_wconf 88' lang='lat' dir='ltr'><strong>sedens</strong></span> <span class='ocrx_word' id='word_1_212' title='bbox 430 3822 530 3882; x_wconf 86' lang='lat' dir='ltr'><strong>victor</strong></span> <span class='ocrx_word' id='word_1_213' title='bbox 543 3817 682 3882; x_wconf 85' lang='lat' dir='ltr'><strong>flammas</strong></span> <span class='ocrx_word' id='word_1_214' title='bbox 696 3816 859 3904; x_wconf 83' lang='lat' dir='ltr'><strong>despectat</strong></span> <span class='ocrx_word' id='word_1_215' title='bbox 872 3830 1012 3883; x_wconf 84' lang='lat' dir='ltr'><strong>orantes.</strong></span> 
     </span>
    </p>

    <p class='ocr_par' dir='ltr' id='par_1_27' title="bbox 233 3909 1280 4000">
     <span class='ocr_line' id='line_1_34' title="bbox 233 3909 1280 4000; baseline 0.004 -15"><span class='ocrx_word' id='word_1_216' title='bbox 233 3920 304 3987; x_wconf 92' lang='lat' dir='ltr'><strong>Non</strong></span> <span class='ocrx_word' id='word_1_217' title='bbox 319 3909 410 3986; x_wconf 85' lang='lat' dir='ltr'><strong>aliter</strong></span> <span class='ocrx_word' id='word_1_218' title='bbox 424 3921 541 3986; x_wconf 84' lang='lat' dir='ltr'><strong>socidm</strong></span> <span class='ocrx_word' id='word_1_219' title='bbox 557 3925 655 3986; x_wconf 89' lang='lat' dir='ltr'><strong>virtus</strong></span> <span class='ocrx_word' id='word_1_220' title='bbox 669 3925 732 3985; x_wconf 92' lang='lat' dir='ltr'><strong>coit</strong></span> <span class='ocrx_word' id='word_1_221' title='bbox 746 3924 846 3985; x_wconf 92' lang='lat' dir='ltr'><strong>omnis</strong></span> <span class='ocrx_word' id='word_1_222' title='bbox 860 3921 891 3984; x_wconf 91' lang='lat' dir='ltr'><strong>in</strong></span> <span class='ocrx_word' id='word_1_223' title='bbox 905 3943 1009 4000; x_wconf 91' lang='lat' dir='ltr'><strong>unum,</strong></span> <span class='ocrx_word' id='word_1_224' title='bbox 1216 3931 1280 3989; x_wconf 80' lang='lat'><strong>410</strong></span> 
     </span>
    </p>

    <p class='ocr_par' dir='ltr' id='par_1_28' title="bbox 233 4010 1023 4109">
     <span class='ocr_line' id='line_1_35' title="bbox 233 4010 1023 4109; baseline 0 -23"><span class='ocrx_word' id='word_1_225' title='bbox 233 4023 344 4108; x_wconf 90' lang='lat' dir='ltr'><strong>Teque</strong></span> <span class='ocrx_word' id='word_1_226' title='bbox 354 4022 453 4109; x_wconf 88' lang='lat' dir='ltr'><strong>juvat,</strong></span> <span class='ocrx_word' id='word_1_227' title='bbox 468 4020 566 4087; x_wconf 86' lang='lat' dir='ltr'><strong>Palla.</strong></span> <span class='ocrx_word' id='word_1_228' title='bbox 612 4010 674 4087; x_wconf 88' lang='lat' dir='ltr'><strong>Sed</strong></span> <span class='ocrx_word' id='word_1_229' title='bbox 688 4021 780 4087; x_wconf 90' lang='lat' dir='ltr'><strong>bellis</strong></span> <span class='ocrx_word' id='word_1_230' title='bbox 796 4043 869 4086; x_wconf 89' lang='lat' dir='ltr'><strong>acer</strong></span> <span class='ocrx_word' id='word_1_231' title='bbox 885 4021 1023 4086; x_wconf 88' lang='lat' dir='ltr'><strong>Halesus</strong></span> 
     </span>
    </p>

    <p class='ocr_par' dir='ltr' id='par_1_29' title="bbox 234 4123 1043 4212">
     <span class='ocr_line' id='line_1_36' title="bbox 234 4123 1043 4212; baseline -0.001 -21"><span class='ocrx_word' id='word_1_232' title='bbox 234 4124 352 4192; x_wconf 89' lang='lat' dir='ltr'><strong>Tendit</strong></span> <span class='ocrx_word' id='word_1_233' title='bbox 365 4125 396 4191; x_wconf 92' lang='lat' dir='ltr'><strong>in</strong></span> <span class='ocrx_word' id='word_1_234' title='bbox 411 4124 570 4206; x_wconf 89' lang='lat' dir='ltr'><strong>adversos,</strong></span> <span class='ocrx_word' id='word_1_235' title='bbox 585 4147 681 4210; x_wconf 90' lang='lat' dir='ltr'><strong>seque</strong></span> <span class='ocrx_word' id='word_1_236' title='bbox 696 4128 728 4190; x_wconf 90' lang='lat' dir='ltr'><strong>in</strong></span> <span class='ocrx_word' id='word_1_237' title='bbox 743 4147 799 4190; x_wconf 86' lang='lat' dir='ltr'><strong>sua</strong></span> <span class='ocrx_word' id='word_1_238' title='bbox 813 4123 931 4212; x_wconf 85' lang='lat' dir='ltr'><strong>colligit</strong></span> <span class='ocrx_word' id='word_1_239' title='bbox 945 4145 1043 4192; x_wconf 84' lang='lat' dir='ltr'><strong>arma.</strong></span> 
     </span>
    </p>
   </div>
   <div class='ocr_carea' id='block_1_4' title="bbox 0 0 1510 5124">
    <p class='ocr_par' dir='ltr' id='par_1_30' title="bbox 0 0 1510 5124">
     <span class='ocr_line' id='line_1_37' title="bbox 0 0 1510 5124; baseline 0 0"><span class='ocrx_word' id='word_1_240' title='bbox 0 0 1510 5124; x_wconf 95' lang='lat' dir='ltr'><strong> </strong></span> 
     </span>
    </p>
   </div>
  </div>
 </body>
</html>
