2978 5124
205 471 263 529 att
375 457 379 465 “
665 465 854 530 AENEmos

249 620 304 686 Bis
318 641 407 686 senos
420 619 569 708 pepigere
583 619 669 700 diem
691 633 731 702 et,
745 643 826 708 pace
839 619 1008 706 sequestri,

249 727 311 792 Per
324 725 418 792 silvas
432 727 558 807 Teucri,
572 725 721 811 mixtique
736 726 860 812 impune
874 725 989 805 Latini,

244 812 405 895 'Erravdre
415 831 519 918 jugis:
541 831 625 895 lerro
640 843 728 894 sonat
744 831 804 896 icta
818 831 944 916 bipenni

250 933 421 1013 Fraxinus,
443 947 583 998 evertunt
598 947 684 998 actas
700 933 740 998 ad
754 934 858 1000 sidera
872 933 977 1019 pinus3

248 1033 378 1100 Robora
393 1055 450 1098 nec
465 1036 570 1099 cuneis
585 1049 616 1100 et
627 1034 760 1101 olentem
775 1035 917 1100 scindere
932 1033 1070 1116 cedrum,

249 1135 315 1200 Nec
331 1135 473 1222 plaustris
487 1149 611 1202 cessant
626 1151 752 1202 vectare
766 1139 960 1224 gementibus
975 1160 1077 1202 ornos.

290 1237 331 1302 Et
340 1239 408 1324 jam
422 1236 505 1302 fama
520 1237 637 1318 volans,
653 1240 728 1304 tanti
742 1243 916 1326 praenuntia
930 1239 1041 1321 tuctus,

249 1339 430 1404 Evandrum
445 1338 646 1426 Evandrique
662 1339 771 1406 domos
786 1355 817 1405 et
832 1345 945 1406 moenia
960 1341 1104 1428 complet,
1221 1349 1282 1407 140

249 1443 327 1526 Quae
342 1441 434 1507 modii
448 1445 599 1508 victorem
614 1445 705 1508 Latio
722 1443 863 1509 Pallanta
877 1445 1008 1510 serebat.

249 1544 389 1610 Arcades
404 1544 445 1610 ad
460 1558 565 1632 portas
580 1567 691 1626 ruere;
713 1559 743 1610 et
758 1543 798 1610 de
813 1569 898 1610 more
913 1559 1032 1610 vetusto

249 1647 406 1714 Funereas
418 1647 551 1734 rapuere
566 1649 669 1714 iaces:
693 1647 775 1715 lucet
791 1653 842 1714 via
858 1648 948 1736 longo

248 1749 366 1815 Ordine
381 1749 581 1832 flammarum,
596 1766 627 1816 et
640 1752 703 1816 late
718 1751 911 1816 discriminat
922 1773 1024 1840 agros.

248 1851 366 1920 contra
381 1854 472 1918 turba
488 1853 646 1940 Phrygum
661 1856 786 1920 veniens
800 1852 977 1942 plangentia
987 1857 1119 1944 jungunt
1221 1863 1281 1920 tte

248 1957 392 2042 Agmina.
436 1957 514 2038 Quae
529 1969 691 2042 postquam
708 1971 820 2023 matres
836 1956 1005 2023 succedere
1021 1961 1110 2024 tectis

249 2057 416 2137 Viderunt,
430 2071 570 2122 moestam
585 2057 754 2124 incendunt
766 2059 954 2125 clamoribus
968 2062 1088 2126 urbem.
1124 2047 1126 2054 ⁴

248 2161 291 2224 At
306 2182 365 2226 non
380 2157 561 2224 Evandrum
575 2161 654 2246 potis
669 2173 715 2225 est
730 2161 775 2225 vis
791 2157 852 2225 ulla
867 2173 990 2242 tencre;

249 2261 313 2328 Sed
327 2265 411 2328 venit
425 2265 457 2327 in
472 2261 744 2344 medicarieretro
761 2261 902 2328 Pallanta
917 2277 1041 2350 reposto

249 2365 418 2431 Procubuit
428 2387 532 2450 super,
543 2378 634 2452 atque
646 2364 743 2430 haeret
752 2364 992 2453 lacrymansque
1001 2388 1202 2454 gemero-aqum
1219 2371 1283 2432 1⁵0

248 2465 291 2532 Et
304 2471 357 2532 via
370 2469 425 2532 vix
441 2467 565 2533 tandem
580 2468 651 2532 voci
666 2468 770 2534 laxata
785 2467 893 2532 dolore
909 2482 974 2534 est:

248 2567 320 2634 Non
334 2567 446 2649 haec,o
463 2568 560 2650 Palla,
570 2569 704 2634 dederas
718 2570 869 2656 promissa
883 2574 1017 2656 parenti,

247 2668 378 2736 Cautiirs
392 2682 424 2735 ut
438 2691 522 2734 saevo
537 2669 633 2736 velles
648 2683 678 2736 te
692 2671 823 2738 credere
839 2673 954 2737 Marti!

247 2771 346 2838 Haud
361 2772 485 2860 ignarus
500 2793 586 2838 eram
600 2786 748 2859 quantum
762 2795 844 2839 nova
858 2773 958 2862 gloria
974 2778 1004 2840 in
1021 2776 1122 2854 armis,

248 2875 289 2940 Et
302 2875 460 2962 praedulce
474 2875 570 2941 decus
584 2882 685 2964 primo
700 2877 869 2944 certamine
884 2889 998 2963 posset.
1218 2885 1284 2942 155

248 2977 397 3044 Primitiae
407 2979 531 3067 juvenis
546 2979 676 3062 miserae,
690 2979 826 3066 bellique
842 2983 1007 3066 propinqui

247 3079 337 3146 Dura
351 3081 543 3146 rudimenta!
566 3095 596 3146 et
610 3083 685 3147 nulli
701 3081 849 3148 exaudita
863 3081 992 3148 deorum

246 3181 333 3248 Vota
347 3203 519 3270 precesque
535 3185 630 3249 meae!
674 3185 795 3270 Tuque,
809 3206 828 3247 o
843 3183 1038 3248 sanctissima
1052 3184 1176 3270 conjux,

248 3285 337 3351 Felix
352 3302 450 3353 morte
466 3285 527 3367 tuti,
541 3310 642 3374 neque
658 3289 688 3353 in
703 3289 785 3354 hunc
801 3301 924 3354 servata
938 3285 1095 3352 dolorem!

247 3387 364 3454 Contra
379 3411 437 3476 ego
451 3388 584 3454 vivendo
599 3390 660 3455 vici
674 3411 744 3456 mea
758 3392 832 3471 lata,
846 3403 1001 3476 superstes
1038 3389 1044 3398 ’
1216 3397 1282 3454 160

248 3495 410 3561 Restarem
426 3508 459 3559 ut
472 3499 602 3581 genitor.
647 3495 765 3561 Troum
779 3497 864 3562 socia
879 3517 967 3562 arma
980 3507 1119 3561 secutum

246 3597 425 3664 Obruerent
441 3596 546 3660 Rutuli
561 3597 648 3662 telis!
672 3601 806 3662 animam
822 3600 888 3685 ipse
902 3599 1075 3678 dedissem3

247 3701 350 3782 Atque
365 3699 432 3763 hec
447 3719 562 3784 pompa
576 3696 701 3765 domum
715 3721 773 3781 me,
787 3722 849 3764 non
865 3700 1016 3780 Pallanta,
1030 3702 1180 3766 referret!

246 3799 315 3868 Nec
328 3821 384 3864 vos
400 3802 563 3886 arguerim,
578 3799 706 3881 Teucri,
720 3823 777 3866 nec
792 3801 922 3882 foedera,
936 3823 994 3868 nec
1010 3821 1086 3886 quas

246 3901 410 3966 Junximus
425 3901 558 3986 hospitio
572 3899 701 3966 dextras
716 3925 725 3966 r
746 3923 813 3968 sors
827 3905 886 3967 ista
900 3915 1031 3968 senecta
1217 3909 1281 3968 165

246 3999 364 4066 Debita
379 4016 446 4066 erat
459 4014 584 4068 nostrae.
627 4001 720 4088 Quid
735 4007 761 4068 si
776 3989 940 4071 immatura
954 4005 1101 4074 manebat

248 4101 336 4169 Mors
350 4115 453 4169 natum
465 4130 474 4184 3
494 4107 585 4170 casis
600 4104 788 4172 Volscorum
802 4105 936 4174 millibus
950 4109 1032 4191 anti,
