2956 5132
123 471 126 478 “
188 469 244 524 180
629 465 818 524 AENEIDOS

225 613 393 700 Virgineas
409 611 475 676 ausi
486 611 566 676 dive
580 612 758 698 contingere
773 612 884 692 vittas;

227 717 277 780 Ex
292 715 345 781 illo
360 716 455 781 liuere
467 737 508 786 ac
523 727 606 779 retro
621 713 768 800 sublapsa
783 715 892 778 referri

229 821 307 906 Spes
322 817 478 899 Danatim,
493 819 600 882 tracte
615 817 707 895 vires,
722 839 834 882 aversa
849 817 917 881 deae
932 839 1028 884 mens.

229 923 297 987 Nec
312 921 414 986 dubiis
429 943 467 986 ea
482 925 568 1008 signa
583 920 670 986 dedit
684 921 825 986 Tritonia
840 924 1000 987 monstris:

227 1026 294 1091 Vix
308 1025 439 1112 positum
454 1025 563 1089 castris
578 1021 782 1106 simulacrum,
798 1023 903 1090 arsdre
913 1048 1051 1092 coruscae

228 1129 410 1194 Luminibus
425 1129 554 1194 flammae
570 1129 709 1208 arrectis,
722 1127 882 1214 salsusque
897 1151 954 1215 per
968 1144 1052 1194 artus

229 1231 332 1296 Sudor
346 1233 396 1310 iit3
417 1245 526 1315 terque
541 1233 608 1316 ipsa
623 1229 689 1294 solo
703 1229 860 1312 (mirabile
874 1230 973 1316 dictu)

211 1333 372 1414 -Emicuit,
386 1355 588 1420 parmamque
603 1334 704 1398 serens
719 1333 901 1420 hastamque
912 1347 1104 1402 trementem.

229 1435 395 1522 Extemplo
410 1435 556 1502 tentanda
567 1434 640 1522 lugd
655 1435 737 1500 canit
752 1457 879 1522 aequora
894 1435 1040 1516 Calchas,

228 1541 296 1605 Nec
312 1561 402 1626 posse
417 1539 569 1628 Argolicis
584 1539 723 1604 exscindi
739 1541 887 1626 Pergama
903 1539 980 1619 telis,

227 1643 340 1710 Omina
356 1644 386 1708 ni
401 1657 542 1729 repetant
557 1646 657 1732 Argis,
673 1665 845 1728 numenque
859 1642 1010 1708 reducant

228 1747 320 1830 Quod
334 1747 445 1834 pelago
459 1762 489 1812 et
503 1749 606 1811 curvis
620 1769 724 1813 secum
741 1745 876 1812 avexere
891 1747 1015 1812 carinis.

228 1846 269 1916 Et
284 1871 373 1928 nunc,
388 1848 470 1935 qubd
486 1852 602 1935 patrias
613 1863 705 1915 vento
720 1848 837 1936 petiere
853 1849 1016 1933 Mycenas,

226 1955 324 2018 Arma
338 1953 475 2039 deosque
490 1967 600 2040 parant
613 1955 742 2019 comites
756 1981 764 2034 3
787 1951 958 2040 pelagoque
973 1975 1113 2018 remenso

211 2055 388 2142 ·lmprovisi
403 2057 551 2124 aderunt:
575 2059 616 2123 ita
631 2059 741 2145 digerit
756 2059 858 2123 omina
874 2055 1020 2121 Calchas.

227 2161 333 2244 Hanc,
347 2185 404 2250 pro
419 2163 571 2245 Palladio,
580 2166 694 2246 moniti,
709 2187 766 2251 pro
778 2165 900 2230 numine
915 2165 999 2244 laeso,

227 2263 368 2353 Effigiem
382 2266 530 2348 statuire,
544 2268 630 2332 nelas
642 2289 710 2353 quae
726 2268 812 2332 triste
826 2269 937 2353 piaret.

227 2364 321 2432 Hanc
336 2381 439 2434 tamen
454 2371 634 2435 immensam
649 2369 787 2434 Calchas
802 2371 942 2437 attollere
957 2369 1069 2436 molem
1201 2377 1263 2436 185

228 2467 408 2536 Roboribus
422 2471 524 2550 textis,
538 2471 680 2556 coeloque
696 2471 840 2554 educere,
850 2476 952 2562 jussit,

226 2571 276 2636 Ne
291 2575 390 2657 recipi
405 2576 503 2658 portis
517 2587 569 2638 aut
583 2574 654 2639 duci
670 2577 702 2639 in
717 2579 831 2641 moenia
845 2581 953 2664 possit,

227 2674 297 2738 Neu
311 2672 458 2761 populum
473 2675 600 2762 antiqua
615 2678 672 2741 sub
686 2677 849 2766 relligione
865 2683 955 2744 tueri.

226 2777 308 2842 Nam
323 2781 348 2842 si
365 2793 467 2844 vestra
481 2803 589 2846 manus
604 2780 749 2846 violasset
763 2781 846 2847 dona
862 2783 1022 2864 Minervae,

226 2879 307 2944 'tum
322 2902 466 2968 magnum
481 2885 610 2948 exitium
625 2883 722 2969 (quod
737 2883 772 2948 dt
787 2882 873 2968 priris
883 2906 973 2950 omen
989 2888 1021 2950 in
1036 2887 1136 2972 ipsum
1201 2893 1264 2950 190

227 2981 433 3068 Convertant)
449 2983 563 3048 Priami
579 2987 711 3072 imperio
726 2984 967 3072 Phrygibusque
983 2987 1135 3068 futurum

227 3084 282 3148 Sin
296 3086 439 3150 manibus
453 3090 564 3152 vestris
579 3103 714 3154 vestram
728 3087 919 3154 ascendisset
934 3092 966 3154 in
981 3091 1100 3172 urbem,

226 3183 319 3252 Ultro
331 3191 442 3254 Asiam
456 3211 567 3277 magno
582 3188 716 3278 Pelopea
732 3191 772 3256 ad
788 3195 903 3256 moenia
918 3191 1002 3256 bello
1036 3175 1038 3182 ¹

225 3288 410 3372 Venturam,
425 3306 455 3356 et
470 3309 589 3358 nostros
605 3316 643 3359 ea
658 3296 719 3360 lata
735 3317 860 3360 manere
876 3308 1015 3380 nepotes.

269 3394 401 3462 Talibus
416 3397 548 3478 insidiis,
562 3399 741 3486 perjurique
756 3411 821 3462 arte
838 3399 970 3477 Sinonis,
1201 3405 1263 3464 195
1334 3439 1340 3446 -

227 3498 357 3564 Credita
371 3521 441 3581 res3
462 3503 607 3586 captique
623 3499 703 3566 dolis
718 3501 929 3588 lacrymisque
944 3505 1071 3583 coactis,

226 3601 313 3684 Quos
328 3625 428 3690 neque
443 3601 597 3689 Tydides,
612 3624 668 3666 nec
685 3603 857 3668 Larissaeus
873 3604 1023 3686 Achilles,

226 3703 297 3769 Non
313 3708 385 3769 anni
400 3703 549 3769 domuere
563 3702 683 3784 decem,
697 3729 758 3770 non
773 3705 857 3770 mille
872 3711 999 3770 carinae.

272 3805 337 3870 llic
353 3805 438 3870 aliud
453 3807 552 3894 majus
567 3809 688 3870 miseris
702 3807 858 3892 multoque
874 3804 1067 3872 tremendum

228 3909 384 3994 Objicitur
399 3911 506 3996 magis,
521 3923 613 3994 atque
628 3908 802 3996 improvida
816 3923 945 3994 pectora
959 3908 1075 3975 turbat.
1196 3915 1265 3976 200

228 4013 387 4091 Laocoon,
400 4011 510 4076 ductus
525 4009 669 4098 Neptuno
683 4025 764 4076 sorte
780 4010 938 4092 sacerdos,

230 4117 389 4186 Solemnes
402 4129 523 4184 taurum
535 4119 692 4204 ingentem
704 4115 862 4184 mactabat
876 4115 918 4184 ad
932 4137 1016 4184 aras.
