2978 5124
646 529 651 536 .
706 477 823 541 amitit
837 479 887 538 xl.

302 643 420 707 Tecum
434 660 510 705 acer
524 639 688 723 Messapus
702 636 771 722 erit,
785 648 956 722 turmasque
971 634 1104 716 Latinae,

301 749 496 832 'liburnique
510 765 639 810 manua:
662 741 752 808 ducis
767 755 798 806 et
813 755 845 808 tu
859 746 992 829 concipe
1006 763 1127 808 euram.

302 851 353 917 Sic
369 848 422 930 ait,
435 861 467 914 et
480 846 612 933 paribus
625 843 804 930 Messapum
819 848 851 910 in
866 845 980 931 proelia
994 843 1088 912 dietis
1237 931 1240 940 1

300 951 465 1031 Hortatur,
479 951 644 1036 sociosque
658 947 772 1027 duces,
793 959 825 1014 et
838 948 940 1034 pergit
954 951 986 1012 in
1001 947 1132 1014 hostem.

298 1053 357 1118 Est
369 1073 468 1118 curvo
481 1053 624 1118 anfractu
637 1050 746 1131 valles,
760 1050 933 1116 accomoda
948 1050 1050 1118 fraudi

301 1155 530 1238 Armorumque
544 1151 644 1233 dolis,
665 1173 759 1238 quam
773 1150 878 1218 densis
892 1151 1055 1218 frondibus
1070 1163 1172 1218 auom
1281 1176 1285 1187 ·

302 1254 400 1344 Urget
414 1255 569 1342 utrimque
584 1255 685 1335 latus3
707 1257 807 1320 tenuis
821 1253 884 1338 quo
898 1254 1008 1318 semita
1022 1253 1117 1334 ducit,

301 1362 509 1446 Angustaque
523 1360 626 1426 terunt
640 1358 757 1439 fauces,
772 1357 937 1442 aditusque
952 1355 1090 1442 maligni.
1265 1347 1337 1427 ⁰525

301 1463 396 1528 Hanc
411 1485 515 1550 super,
530 1463 562 1530 in
576 1462 720 1549 speculis,
735 1483 917 1547 summoque
931 1461 962 1526 in
978 1464 1097 1526 vertice
1111 1464 1233 1542 nonus,

303 1563 451 1630 Planities
466 1567 569 1652 ignota
579 1567 676 1654 jacet,
690 1566 809 1650 tutique
824 1576 978 1650 receptus,

304 1666 364 1732 Seu
378 1665 492 1732 dextra
507 1665 648 1752 laevaque
663 1664 742 1732 valis
757 1685 924 1732 occurrere
939 1685 1060 1752 pugna,

303 1768 375 1832 Sive
390 1768 506 1834 instare
515 1769 600 1855 jugis
615 1780 647 1832 et
660 1764 794 1854 grandia
808 1763 936 1832 volvere
952 1787 1041 1832 saxa.

303 1871 377 1936 Huc
387 1874 513 1960 juvenis
527 1869 601 1936 nota
615 1871 714 1936 fertur
728 1874 857 1956 regiam
872 1871 1001 1951 viarum,
1278 1873 1341 1934 550

304 1975 504 2061 Arripuitque
520 1973 633 2054 locum,
647 1987 679 2038 et
692 1972 778 2039 silvis
792 1971 907 2038 insedit
920 1973 1045 2058 iniquis.

345 2077 498 2144 Velocem
513 2079 632 2144 interea
646 2077 768 2163 superis
783 2075 957 2142 insedibus
970 2077 1076 2162 Opim,

305 2180 409 2246 Unam
423 2201 464 2245 ex
478 2181 649 2268 virginibus
664 2183 759 2246 sociis
773 2177 927 2264 sacrique
941 2178 1080 2259 caterva,

305 2280 535 2370 compellabat,
551 2297 581 2347 et
596 2281 654 2348 bns
669 2283 765 2348 tristis
780 2281 914 2348 Latonia
928 2303 1023 2348 vocas

304 2387 369 2454 Ore
383 2384 499 2452 dabat:
521 2385 671 2452 Graditur
686 2385 802 2452 bellum
816 2384 859 2452 ad
873 2383 1002 2450 crudele
1017 2383 1163 2466 Camilla,
1279 2389 1340 2448 555

306 2491 336 2556 0
350 2491 447 2577 virgo,
462 2503 493 2554 et
507 2491 621 2554 nostris
635 2487 849 2575 nequidquam
863 2489 998 2576 cingitur
1011 2491 1117 2570 armis,

306 2594 396 2682 Cara¹
406 2593 481 2658 milti
496 2606 567 2658 ante
583 2591 682 2658 alias:
705 2613 806 2678 neque
822 2595 905 2658 enim
918 2613 1017 2658 novus
1031 2592 1089 2658 iste
1102 2591 1218 2660 Diuum

306 2695 402 2762 Venit
416 2717 512 2776 amor,
525 2692 691 2779 subitique
706 2694 842 2760 animum
857 2693 1022 2762 dulcedine
1037 2696 1142 2761 movit.
1219 2750 1227 2760 .

309 2797 418 2864 Putem
432 2797 475 2863 ob
489 2797 640 2864 insidiam
653 2817 750 2884 regno
764 2797 910 2882 viresque
925 2797 1088 2883 superbas,

306 2900 456 2969 Priverno
471 2897 599 2986 antiqui
607 2899 753 2966 Metabus
768 2921 863 2984 quum
877 2899 1046 2966 excederet
1060 2901 1149 2982 urbe,
1279 2905 1341 2965 540

307 3005 468 3084 infantem,
482 3003 603 3090 lugiens
617 3001 721 3068 media
735 3001 816 3066 inter
830 3002 943 3088 proelia
957 3003 1059 3084 belli,-

308 3106 434 3174 Sustulit
448 3105 559 3182 exsilio
573 3109 730 3184 comitem,
745 3108 914 3190 matrisque
929 3107 1054 3172 vocavit

308 3209 441 3276 Nomine
456 3207 624 3289 Casmillae,
638 3207 757 3274 mutata
769 3221 870 3294 parte,
885 3208 1063 3276 Camillam·

307 3311 387 3398 lpse,
401 3309 469 3376 sinu
483 3330 549 3396 prae
564 3331 598 3376 se
612 3323 749 3396 portans,
759 3311 836 3398 juga
851 3311 941 3400 longa
954 3311 1082 3399 petebat

308 3411 449 3480 Selorum
463 3433 641 3481 nemorum:
663 3411 727 3478 tela
740 3411 879 3498 undique
885 3437 970 3482 aava
983 3414 1177 3504 premebant,
1279 3421 1340 3480 545

309 3517 349 3582 Et
361 3517 551 3582 cit-cuntium
564 3515 737 3584 volitabant
750 3515 847 3584 milite
860 3517 979 3586 Volsci.

310 3619 405 3700 Ecce,
418 3619 499 3704 fugae
514 3617 628 3700 medio,
641 3621 767 3686 summis
781 3623 954 3688 Amasenus
968 3621 1131 3691 abundans

312 3721 483 3808 Spumabat
497 3721 573 3807 ripis
586 3747 597 3802 ς
617 3733 720 3789 tantus
733 3743 766 3788 se
780 3721 916 3790 nubibus
930 3725 1033 3790 imber

312 3821 472 3909 Ruperat:
495 3821 558 3904 ille,
572 3823 680 3890 lunate
693 3845 819 3912 parans,
832 3826 959 3892 infantis
973 3845 1079 3892 amore

310 3923 629 4012 'sardoma-,caroque
643 3931 731 3992 oneri
744 3927 842 3992 timot.
885 3927 999 3994 Omnia
1012 3947 1119 3994 secum
1281 3937 1343 3996 550

311 4024 458 4092 Versanti
471 4026 575 4094 subitti
588 4028 642 4094 vix
656 4028 726 4094 hac
739 4028 890 4094 sententia
905 4029 1000 4096 sedite

311 4127 422 4195 Telum
437 4129 580 4214 immane,
593 4151 687 4198 mauu
701 4131 806 4198 validi
820 4131 904 4218 quod
918 4134 998 4201 sorta
1012 4135 1143 4221 gerebat
