2936 5122
700 460 817 549 urens
837 461 887 521 xt.

302 614 446 694 suscitat,
460 625 492 678 et
505 613 633 678 stimulis
648 611 731 678 houd
747 612 893 680 mollibus
908 615 1005 702 injicit
1020 621 1094 684 iras.

302 718 385 806 Ergo
400 719 479 782 inter
493 717 596 782 caedes
611 717 817 802 cedentiaque
832 723 956 804 agmina
971 719 1099 786 Tarcho

302 829 414 892 Fertur
428 849 518 911 equo,
532 829 691 911 variisque
706 827 829 912 instigat
842 827 972 892 vocibus
984 827 1061 908 alas,
1275 833 1337 892 730

301 929 433 995 Nomine
448 949 603 1014 quemque
616 949 753 1008 vocans3
774 929 936 1015 reficitque
951 932 983 994 in
997 929 1109 1016 proelia
1123 927 1248 1014 pulsos:

301 1031 377 1114 Quis
392 1043 501 1110 metus,
515 1053 534 1094 ο
549 1049 705 1113 nunquam
719 1028 856 1111 dolituri,
869 1053 889 1094 o
904 1053 1027 1117 semper
1041 1031 1156 1096 inertes

301 1133 473 1219 Tyrrheni,
488 1154 557 1219 quae
573 1144 659 1198 tanta
674 1135 785 1196 animis
799 1133 923 1220 ignavia
937 1137 1047 1198 venit?

302 1233 442 1300 Foemina
457 1235 599 1320 palantes
614 1234 687 1320 agit,
702 1247 795 1318 atque
811 1235 878 1298 haec
894 1237 1017 1320 agmina
1034 1236 1138 1300 vertit.

300 1335 372 1418 Quo
386 1337 526 1400 serrum?
548 1335 662 1420 quidve
677 1334 745 1400 haec
755 1335 894 1422 *gerimus
909 1336 971 1400 tela
986 1339 1075 1402 irrita
1089 1337 1231 1402 dextris?
1275 1337 1336 1398 'tas

300 1439 343 1500 At
356 1459 417 1502 noa
432 1439 462 1502 in
477 1438 638 1503 Venerem
653 1457 764 1524 segnes
778 1449 991 1523 nocturnaque
1006 1437 1101 1520 bella,

299 1540 371 1619 Aut,
385 1539 440 1604 ubi
452 1559 549 1604 curva
564 1539 678 1604 choros
693 1537 807 1604 indixit
820 1540 900 1604 tibia
915 1538 1046 1622 Bac'chi,

299 1641 493 1727 Exspectare
508 1641 607 1728 dapes
621 1655 653 1706 et
666 1642 767 1726 plenae
784 1642 897 1728 pocula
910 1663 1036 1708 mense.

299 1743 365 1808 Hic
381 1765 478 1825 amor,
497 1744 557 1810 hoc
572 1743 716 1823 studium,
731 1743 804 1808 dum
818 1763 909 1810 sacra
924 1745 1078 1809 secundus
1093 1743 1251 1830 haruspex

298 1845 436 1928 Nuntiet,
451 1869 489 1912 ac
503 1848 590 1913 lucos
604 1862 695 1912 vocet
710 1847 810 1912 hostia
829 1849 949 1935 pinguis
963 1853 996 1913 in
1011 1849 1100 1914 altos.
1273 1853 1334 1913 740

341 1951 424 2015 Haec
439 1950 558 2030 effatus,
572 1971 686 2034 equum
701 1951 731 2016 in
746 1951 877 2032 medios,
892 1951 1057 2016 moriturus
1072 1964 1103 2017 et
1117 1951 1197 2037 ipse,

298 2051 498 2134 Concitetet
512 2051 638 2119 Venulo
653 2051 819 2118 adversum
833 2073 868 2118 se
882 2053 1025 2118 turbidus
1040 2054 1149 2120 insert:

296 2153 532 2241 Dereptumque
547 2156 589 2220 ab
604 2177 685 2239 equo
699 2154 811 2220 dextri
825 2156 1043 2242 complectitur
1057 2157 1186 2236 hostem,

297 2255 338 2320 Et
351 2261 501 2343 gremium
515 2270 586 2322 ante
600 2277 688 2322 suum
704 2255 799 2322 multis
813 2260 844 2321 vi
859 2258 998 2322 concitus
1014 2259 1126 2327 aufert.

296 2357 604 2424 Tolliturincoelum
618 2358 746 2438 clamor,
759 2360 926 2444 cunctique
941 2358 1046 2424 Latini
1271 2365 1332 2424 74⁵

297 2459 491 2528 conventre
504 2462 631 2527 oculos:
653 2461 738 2526 volat
752 2463 859 2548 igneus
874 2481 1000 2547 aequore
1014 2459 1153 2540 Tarcho,

296 2567 393 2630 Arma
407 2566 569 2651 virumque
583 2567 704 2630 ferens:
726 2577 790 2630 turn
804 2564 924 2630 summi
938 2566 1034 2650 ipsius
1049 2565 1091 2630 ab
1107 2564 1197 2632 hasti

295 2665 450 2754 Dehingit
463 2669 590 2747 serrum,
605 2681 637 2732 et
650 2681 756 2752 partes
769 2668 900 2732 rimatur
913 2680 1048 2753 apertus,
1124 2725 1133 2740 ,

296 2771 366 2854 Qui
381 2771 493 2838 vulnus
507 2769 601 2836 letale
615 2771 707 2836 ferat.
751 2769 871 2836 Contrd
885 2769 937 2836 ille
951 2789 1127 2859 repugnans

296 2874 429 2938 Sustinet
444 2869 582 2961 a'jugulo
596 2871 749 2952 dextram
763 2885 795 2937 et
808 2876 872 2938 vim
885 2871 1005 2937 viribus
1014 2873 1096 2938 exit.
1269 2879 1330 2937 750

295 2971 401 3060 thue
415 2973 524 3040 volans
540 2973 603 3039 alti
618 2986 742 3060 raptum
757 2995 852 3058 quum
866 2972 951 3040 fulva
965 2973 1135 3042 draconem

294 3077 368 3142 Fert
383 3077 497 3162 aquila,
512 3077 725 3164 implicuitque
738 3077 846 3164 pedes,
861 3091 955 3161 atque
968 3079 1123 3166 unguibus
1137 3077 1245 3157 hesit3

294 3181 423 3246 Saucius
436 3193 469 3244 at
482 3199 611 3266 serpens
625 3182 748 3246 sinuosa
763 3180 918 3246 volumina
932 3191 1047 3260 versat,

292 3285 496 3364 Arrectisque
512 3283 618 3349 horret
632 3289 779 3376 squamis,
793 3299 824 3350 et
839 3284 944 3350 sibilat
957 3305 1022 3364 ore,

292 3387 418 3452 Arduus
433 3387 611 3474 insurgens3
633 3387 685 3454 illa
700 3387 783 3454 haud
799 3386 900 3454 minus
913 3401 1001 3474 urget
1015 3387 1139 3452 obunco
1266 3389 1329 3448 tus

292 3489 476 3557 Luctantem
491 3505 613 3572 rostr03
634 3492 724 3558 simul
739 3492 857 3558 aethern
872 3492 1019 3556 verberat
1034 3489 1108 3554 alis:

293 3591 391 3658 Haud
406 3592 497 3657 aliter
510 3593 649 3679 predam
663 3593 831 3660 Tiburtum
846 3617 886 3658 ex
902 3592 1023 3680 agmine
1037 3591 1166 3656 Tarcho

293 3691 399 3758 Portat
413 3713 530 3774 ovans3
551 3693 641 3760 ducis
656 3695 832 3781 exemplum
847 3707 1053 3777 eventumque
1067 3695 1165 3756 secuti

292 3793 456 3860 Maeonidae
471 3797 641 3862 incurrunt.
685 3798 766 3862 Tum
781 3797 851 3862 latis
865 3794 990 3860 debitus
1004 3797 1123 3858 Arruns

149 3935 158 3948 ·
292 3895 446 3964 Velocem
455 3899 562 3986 jaculo
578 3911 610 3964 et
624 3899 719 3966 multi
733 3903 820 3984 prior
835 3911 902 3962 arte
917 3895 1084 3962 Camillam
1265 3903 1327 3964 760

293 3997 423 4080 Circuit,
436 4013 469 4064 et
483 4021 552 4086 quae
567 4005 608 4066 sit
621 4002 745 4066 fortuna
759 3997 910 4064 facillima
924 4011 1031 4064 tentat.

292 4099 362 4182 Qua
375 4125 409 4169 se
423 4125 557 4190 cumque
572 4105 677 4170 hireos
691 4102 795 4170 medio
809 4101 877 4168 tulit
891 4103 1013 4190 agmine
1025 4103 1123 4190 virgo,

587 4213 629 4270 ⁴6
