2956 5132
574 941 936 1036 AENEIDOS

576 1235 710 1304 LIBER
731 1235 934 1304 TERTIUS.

259 1439 424 1511 Posnunsu
437 1459 490 1504 res
504 1439 591 1502 Asiae
607 1438 784 1525 Priamique
798 1452 940 1505 evertere
954 1453 1076 1528 gentem

258 1544 443 1608 immeritam
456 1545 560 1608 visum
574 1543 704 1628 superis,
718 1542 894 1629 ceciditque
909 1544 1077 1630 superbum

258 1645 355 1726 ilium,
369 1660 401 1711 et
414 1647 515 1712 omnis
530 1644 625 1709 burno
639 1647 738 1710 fumat
749 1645 904 1733 Neptunia
919 1647 1025 1734 Troja,

256 1748 392 1818 Diuersa
406 1749 518 1815 exsilia
534 1761 565 1815 et
578 1748 721 1816 desertas
736 1771 877 1836 quarere
892 1764 991 1817 terras

254 1853 399 1940 Auguriis
414 1853 534 1939 agimur
548 1851 677 1932 divfim3
697 1852 891 1940 classemque
906 1853 964 1918 sub
979 1853 1046 1940 ipsi

253 1955 418 2022 Antandro
433 1969 464 2021 et
479 1954 627 2043 Phrygia
641 1953 784 2020 molimur
798 1955 952 2020 montibus
967 1954 1041 2037 Idas,

254 2061 368 2142 Incerti
383 2060 447 2147 qui
461 2061 526 2124 iata
540 2061 650 2142 serant,
665 2061 720 2125 ubi
734 2060 844 2125 sistere
858 2059 969 2140 detur3

254 2163 538 2250 Contrahimusque
552 2167 644 2230 viros.
689 2162 757 2228 Vix
771 2162 872 2249 prima
886 2163 1046 2248 inceperat
1058 2175 1158 2244 astas,

252 2265 295 2332 Et
307 2281 401 2354 pater
417 2267 568 2334 Anchises
583 2266 661 2334 dare
675 2266 747 2332 fatis
761 2265 832 2330 vela
842 2265 997 2352 jubebat3

251 2371 379 2436 Littera
393 2391 486 2455 quum
499 2372 607 2457 pstriae
621 2369 801 2456 lacrymans
816 2380 985 2455 portusque
999 2367 1151 2456 relinquo,

252 2473 296 2538 Et
310 2493 440 2559 campus
455 2473 507 2538 ubi
520 2475 618 2561 Troja
632 2473 708 2538 brit:
731 2472 815 2537 feror
829 2471 918 2537 exsul
932 2472 964 2536 in
979 2471 1074 2538 altum

253 2575 333 2641 Cum
348 2576 450 2658 sociis,
465 2589 609 2663 natoque,
627 2576 804 2655 Penatibus,
818 2588 849 2639 et
863 2579 982 2662 magnis
997 2574 1057 2641 dis.
1085 2623 1086 2626 ,

292 2677 398 2742 Terra
410 2675 521 2763 procul
535 2677 631 2744 vastis
646 2675 758 2742 colitur
773 2677 931 2742 Mavortia
942 2677 1071 2764 campis,
1210 2757 1224 2778 ι

251 2777 393 2844 Thraces
408 2793 509 2861 arant,
523 2781 590 2845 acri
604 2779 760 2866 quondam
775 2793 905 2868 regnata
918 2780 1086 2868 Lycurg03

250 2882 431 2969 Hospitium
446 2883 606 2969 antiquum
621 2883 737 2970 Trojae,
752 2884 890 2970 sociique
906 2883 1048 2965 Penates,

252 2981 334 3050 Dum
349 2987 474 3051 fortuna
487 2986 555 3050 fuit.
601 2985 699 3051 Feror
714 2985 786 3068 buc,
801 2999 833 3052 et
847 2985 948 3056 littore
962 3008 1058 3052 curvo
1177 3048 1178 3051 ,

252 3085 368 3152 bioeuia
382 3089 484 3174 prima
498 3087 578 3168 loco,
592 3087 663 3154 satis
678 3091 835 3176 ingressus
849 3089 981 3176 iniquis:

253 3185 470 3275 AEneadasque
485 3211 556 3256 meo
570 3213 682 3255 nomen
697 3189 737 3256 de
752 3191 875 3256 nomine
889 3193 981 3280 fingo.

292 3291 394 3357 Sacra
408 3291 547 3358 Dioneae
563 3297 656 3358 matri
671 3291 814 3380 divisque
827 3295 970 3360 ferebam

249 3394 439 3481 Auspicibus
453 3409 627 3483 ereptorum
641 3419 788 3484 operum3
810 3419 986 3485 superoque
1000 3397 1147 3465 nitentem

250 3493 437 3562 Coelicolrim
451 3499 518 3586 regi
532 3499 710 3565 mactabam
725 3502 756 3566 in
771 3501 872 3566 littore
887 3514 1020 3566 taurum.

251 3595 343 3664 Porti
358 3601 417 3664 fuit
425 3602 516 3688 juxti
531 3603 674 3685 tumulus,
689 3625 750 3692 quo
764 3627 881 3670 cornea
895 3625 1013 3670 summo

251 3699 405 3789 virgulta,
420 3717 451 3768 et
465 3703 571 3770 densis
586 3705 748 3773 hastilibus
763 3707 892 3773 horrida
905 3720 1038 3794 myrtus.

249 3805 398 3888 Accessi3
418 3807 615 3896 viridemque
630 3811 672 3876 ab
686 3811 781 3878 burno
794 3810 972 3878 convellere
986 3809 1097 3878 silvam

249 3905 400 3990 conatus,
413 3914 510 3976 ramis
524 3927 661 4000 tegerem
674 3927 709 3979 ut
721 3915 937 3980 frondentibus
951 3937 1033 3996 aras,

249 4007 455 4077 Horrendum
470 4027 501 4079 ct
514 4013 600 4081 dictu
615 4015 708 4082 video
722 4014 865 4082 mirabile
879 4031 1064 4086 monstrum:

249 4111 331 4179 Nam
347 4135 420 4200 quae
434 4117 534 4201 prima
549 4117 617 4184 solo
630 4121 728 4206 ruptis
741 4119 899 4186 radicibus
913 4123 1006 4189 arbos
