2956 5132
205 395 243 452 uu
594 391 879 452 GEORGdCORUbl

250 542 408 630 Ingentem
423 546 557 610 clamere
572 565 694 629 premes
709 546 749 607 ad
764 547 840 610 retia
854 565 990 610 cervum.

292 651 388 716 Disce
404 665 434 714 et
445 652 600 715 odoratam
617 649 740 714 stabulis
755 652 926 715 accendere
941 650 1080 731 cedrum,

249 757 468 841 Galbaneoque
481 759 596 840 agitare
612 775 720 839 gravm
734 757 840 821 nidore
855 755 1028 839 chelydros.
1207 762 1268 830 415

248 859 337 946 Sapie
353 863 409 926 sub
423 862 555 924 immotis
568 860 755 946 presepibus
770 874 822 924 ant
836 860 918 926 mala
933 874 1014 928 ueto

247 963 362 1050 Vipera
377 966 504 1043 delituit,
518 966 693 1050 coelumque
708 965 853 1030 exterrita
868 964 965 1049 sugit3

245 1068 308 1132 Aut
323 1083 404 1134 tecto
420 1084 557 1136 amuetus
570 1071 696 1136 coluber
711 1071 880 1135 succedere
895 1085 927 1134 et
942 1070 1064 1149 umbre,

246 1171 346 1237 Pestis
358 1175 468 1240 acerba
483 1176 586 1252 boum,
601 1175 768 1259 pecorique
784 1195 946 1260 aspergere
961 1174 1053 1252 tuus,

246 1275 337 1344 Fovit
351 1281 475 1345 humum
491 1302 500 1341 ε
522 1301 600 1364 cape
616 1302 691 1346 saxa
705 1302 807 1358 manu,
823 1301 901 1363 cape
916 1280 1036 1357 robora,
1051 1293 1174 1367 pastun
1203 1283 1268 1346 ⁴20

244 1383 481 1470 Tollentemque
497 1387 593 1450 minas
608 1399 640 1450 et
653 1387 740 1450 sibila
754 1386 834 1450 colla
848 1400 1017 1454 tumentem

245 1487 377 1576 Dejice:
395 1492 521 1578 jamque
537 1491 610 1576 lugi
623 1492 761 1557 timidum
776 1507 869 1576 eaput
884 1493 999 1557 abdidit
1014 1492 1085 1572 alte,

245 1593 350 1670 Quum
366 1599 459 1660 medii
473 1618 573 1662 nexus
588 1612 792 1680 extremaque
808 1598 928 1680 agmina
943 1601 1049 1663 caude

244 1701 417 1780 Solvuntur,
433 1703 597 1784 tardosque
612 1703 702 1766 trabit
716 1703 799 1766 sinus
811 1703 932 1766 ultimus
947 1705 1048 1768 orbes.

287 1804 345 1869 Est
360 1806 449 1868 etiam
466 1805 517 1868 ille
532 1806 628 1868 malus
645 1802 785 1868 Calabris
799 1807 829 1870 iu
846 1807 970 1870 saltibus
981 1808 1098 1891 anguis,

243 1907 397 1992 Squamea
412 1910 596 1974 convolvens
611 1911 728 1974 cantaro
744 1925 868 1994 pectore
883 1925 980 1995 terga,

242 2016 345 2098 Atque
362 2017 439 2080 notis
454 2017 573 2100 longam
589 2017 762 2080 maculosus
777 2017 940 2098 grandibus
955 2018 1079 2097 alrum3

242 2118 317 2198 Qui,
332 2121 405 2184 dum
421 2141 527 2184 amnes
542 2121 591 2184 ulli
609 2133 786 2204 rumpuntur
802 2120 943 2196 sontibus,
959 2138 991 2186 et
1005 2123 1079 2188 dum

239 2225 323 2294 Vere
338 2232 462 2296 madent
474 2232 535 2295 udo
550 2246 636 2294 terre
651 2251 688 2294 ac
704 2231 882 2313 pluvialibus
897 2232 1015 2309 austris,

241 2335 356 2418 Stagna
372 2336 463 2412 colit;
485 2337 618 2419 ripisque
633 2335 771 2398 habitans
787 2333 837 2398 bic
853 2337 988 2418 piscibus
1002 2351 1099 2402 atram

240 2440 401 2524 Improbus
416 2438 578 2522 ingluviem
596 2439 736 2522 ranisque
752 2439 931 2522 loquacibus
946 2444 1062 2528 explet.

239 2542 408 2629 Postquam
423 2561 530 2608 exusta
546 2545 643 2630 palus,
660 2557 809 2628 terraeque
825 2545 934 2611 ardore
950 2550 1121 2629 debiscunt,

239 2649 352 2716 Exsilit
368 2654 397 2716 in
413 2651 541 2728 siccum,
557 2667 599 2727 et,
615 2650 801 2717 flammantia
816 2653 930 2721 tumim
944 2671 1099 2739 torquens,

240 2759 332 2824 Saevit
347 2761 435 2844 agris,
452 2779 601 2844 asperque
617 2760 676 2835 siti,
692 2773 783 2843 atque
799 2761 962 2826 exterritus
977 2775 1063 2828 aestu.

240 2864 291 2931 Ne
304 2867 376 2930 mihi
392 2879 455 2930 tum
470 2866 577 2930 molles
592 2866 648 2931 sub
664 2866 734 2930 divo
750 2886 877 2950 carpere
893 2887 1025 2945 somnos,

239 2971 312 3038 Neu
329 2973 419 3036 dorso
433 2971 566 3036 nemoris
581 2971 673 3034 libeat
683 2971 817 3057 jacuisse
834 2993 889 3056 per
904 2973 1025 3048 herbas,

238 3078 356 3156 Quum,
371 3078 475 3163 positis
490 3097 585 3140 novus
600 3077 728 3153 exuviis,
744 3077 916 3161 nitidusque
927 3075 1064 3163 juventi,

238 3181 386 3261 Volvitur,
403 3197 464 3261 aut,
479 3184 595 3246 catulos
610 3184 699 3246 tectis
714 3197 766 3246 eut
780 3203 838 3248 ova
853 3184 1037 3268 relinquens,

239 3289 364 3355 Arduus
380 3289 419 3352 ad
434 3288 541 3366 solem,
557 3301 589 3351 et
603 3287 711 3371 linguis
725 3289 819 3352 micat
831 3310 887 3353 ore
902 3290 1052 3354 trisulcis!
1138 3333 1144 3351 .

283 3394 459 3460 Morborum
476 3413 596 3479 quoque
612 3409 642 3457 te
657 3409 812 3459 causaest
827 3394 912 3479 signa
928 3394 1059 3459 docebo.

240 3499 353 3587 Turpis
368 3522 441 3566 oves
457 3513 551 3565 tentat
566 3499 695 3577 scabies,
711 3500 762 3562 ubi
779 3499 905 3584 frigidus
920 3500 1017 3564 imber

239 3607 339 3672 Altius
354 3609 393 3672 ad
408 3609 508 3670 vivum
524 3606 668 3691 persedit,
685 3618 716 3668 et
730 3607 851 3670 horrida
866 3627 944 3670 cano

240 3709 356 3776 Bruma
372 3713 463 3796 gelu;
485 3713 533 3774 vel
550 3733 642 3796 quum
656 3713 750 3775 tonsis
764 3712 863 3776 illotus
879 3712 1003 3776 adussit

240 3817 352 3895 Sudor,
369 3833 398 3882 et
413 3818 516 3882 hirsuti
532 3831 694 3881 secuerunt
709 3838 836 3902 corpora
852 3837 971 3900 vepres.

239 3920 389 3987 Dulcibus
404 3922 519 3985 idcirco
534 3920 631 3986 fluviis
646 3943 742 4006 pecus
756 3941 846 3984 omne
859 3919 991 4004 magistri

241 4025 455 4104 Perfundunt3
478 4029 604 4112 udisque
621 4029 699 4091 aries
714 4028 744 4090 in
760 4027 876 4110 gurgite
891 4025 968 4090 villis

241 4135 404 4211 Mersatur,
420 4133 588 4220 missusque
605 4134 740 4198 secundo
753 4131 860 4198 defluit
875 4133 977 4202 amni:
