<?xml version="1.0" encoding="UTF-8"?>
<!DOCTYPE html PUBLIC "-//W3C//DTD XHTML 1.0 Transitional//EN"
    "http://www.w3.org/TR/xhtml1/DTD/xhtml1-transitional.dtd">
<html xmlns="http://www.w3.org/1999/xhtml" xml:lang="en" lang="en">
 <head>
  <title>
</title>
<meta http-equiv="Content-Type" content="text/html;charset=utf-8" />
  <meta name='ocr-system' content='tesseract 3.04.00' />
  <meta name='ocr-capabilities' content='ocr_page ocr_carea ocr_par ocr_line ocrx_word'/>
</head>
<body>
  <div class='ocr_page' id='page_1' title='image "./bucolicageorgic01goulgoog_0339.png"; bbox 0 0 2978 5124; ppageno 0'>
   <div class='ocr_carea' id='block_1_1' title="bbox 689 553 861 616">
    <p class='ocr_par' dir='ltr' id='par_1_1' title="bbox 689 553 861 616">
     <span class='ocr_line' id='line_1_1' title="bbox 689 553 861 616; baseline 0 -2"><span class='ocrx_word' id='word_1_1' title='bbox 689 553 804 615; x_wconf 84' lang='lat' dir='ltr'>LIBER</span> <span class='ocrx_word' id='word_1_2' title='bbox 825 555 861 616; x_wconf 86' lang='lat' dir='ltr'><strong>X.</strong></span> 
     </span>
    </p>
   </div>
   <div class='ocr_carea' id='block_1_2' title="bbox 277 699 1246 2862">
    <p class='ocr_par' dir='ltr' id='par_1_2' title="bbox 278 699 1037 804">
     <span class='ocr_line' id='line_1_2' title="bbox 278 699 1037 804; baseline -0.011 -20"><span class='ocrx_word' id='word_1_3' title='bbox 278 715 447 804; x_wconf 87' lang='lat' dir='ltr'><strong>Sanguinei</strong></span> <span class='ocrx_word' id='word_1_4' title='bbox 462 713 593 801; x_wconf 68' lang='lat' dir='ltr'><strong>lugubri</strong></span> <span class='ocrx_word' id='word_1_5' title='bbox 608 699 730 796; x_wconf 81' lang='lat' dir='ltr'><strong>rubent,</strong></span> <span class='ocrx_word' id='word_1_6' title='bbox 745 726 797 777; x_wconf 89' lang='lat' dir='ltr'><strong>aut</strong></span> <span class='ocrx_word' id='word_1_7' title='bbox 813 712 910 777; x_wconf 88' lang='lat' dir='ltr'><strong>Sirius</strong></span> <span class='ocrx_word' id='word_1_8' title='bbox 926 709 1037 791; x_wconf 82' lang='lat' dir='ltr'><strong>ard0r3</strong></span> 
     </span>
    </p>

    <p class='ocr_par' dir='ltr' id='par_1_3' title="bbox 277 815 1075 902">
     <span class='ocr_line' id='line_1_3' title="bbox 277 815 1075 902; baseline -0.01 -17"><span class='ocrx_word' id='word_1_9' title='bbox 277 819 344 901; x_wconf 85' lang='lat' dir='ltr'><strong>Ille,</strong></span> <span class='ocrx_word' id='word_1_10' title='bbox 358 824 440 886; x_wconf 90' lang='lat' dir='ltr'><strong>sitim</strong></span> <span class='ocrx_word' id='word_1_11' title='bbox 456 819 642 902; x_wconf 87' lang='lat' dir='ltr'>morbosque</span> <span class='ocrx_word' id='word_1_12' title='bbox 658 819 760 881; x_wconf 87' lang='lat' dir='ltr'><strong>ferens</strong></span> <span class='ocrx_word' id='word_1_13' title='bbox 776 815 957 881; x_wconf 81' lang='lat' dir='ltr'><strong>mortalibus</strong></span> <span class='ocrx_word' id='word_1_14' title='bbox 973 816 1075 902; x_wconf 85' lang='lat' dir='ltr'><strong>aegris,</strong></span> 
     </span>
    </p>

    <p class='ocr_par' dir='ltr' id='par_1_4' title="bbox 279 915 1020 1092">
     <span class='ocr_line' id='line_1_4' title="bbox 279 915 1017 1005; baseline -0.012 -14"><span class='ocrx_word' id='word_1_15' title='bbox 279 925 433 1005; x_wconf 82' lang='lat' dir='ltr'><strong>Nascitur,</strong></span> <span class='ocrx_word' id='word_1_16' title='bbox 448 937 479 988; x_wconf 89' lang='lat' dir='ltr'><strong>et</strong></span> <span class='ocrx_word' id='word_1_17' title='bbox 492 921 573 986; x_wconf 83' lang='lat' dir='ltr'><strong>laevo</strong></span> <span class='ocrx_word' id='word_1_18' title='bbox 588 921 748 985; x_wconf 87' lang='lat' dir='ltr'><strong>contristat</strong></span> <span class='ocrx_word' id='word_1_19' title='bbox 763 919 877 984; x_wconf 90' lang='lat' dir='ltr'><strong>lumine</strong></span> <span class='ocrx_word' id='word_1_20' title='bbox 892 915 1017 983; x_wconf 85' lang='lat' dir='ltr'><strong>coelum.</strong></span> 
     </span>
     <span class='ocr_line' id='line_1_5' title="bbox 322 1023 1020 1092; baseline -0.01 1"><span class='ocrx_word' id='word_1_21' title='bbox 322 1027 419 1092; x_wconf 83' lang='lat' dir='ltr'>Haud</span> <span class='ocrx_word' id='word_1_22' title='bbox 431 1039 534 1092; x_wconf 90' lang='lat' dir='ltr'><strong>tamen</strong></span> <span class='ocrx_word' id='word_1_23' title='bbox 549 1023 662 1090; x_wconf 86' lang='lat' dir='ltr'>audaci</span> <span class='ocrx_word' id='word_1_24' title='bbox 677 1023 785 1087; x_wconf 88' lang='lat' dir='ltr'><strong>Turno</strong></span> <span class='ocrx_word' id='word_1_25' title='bbox 798 1023 912 1087; x_wconf 87' lang='lat' dir='ltr'><strong>fiducia</strong></span> <span class='ocrx_word' id='word_1_26' title='bbox 926 1025 1020 1087; x_wconf 89' lang='lat' dir='ltr'>cessit</span> 
     </span>
    </p>

    <p class='ocr_par' dir='ltr' id='par_1_5' title="bbox 279 1123 1057 1216">
     <span class='ocr_line' id='line_1_6' title="bbox 279 1123 1057 1216; baseline -0.009 -21"><span class='ocrx_word' id='word_1_27' title='bbox 279 1131 400 1195; x_wconf 85' lang='lat' dir='ltr'><strong>Littera</strong></span> <span class='ocrx_word' id='word_1_28' title='bbox 415 1130 599 1216; x_wconf 67' lang='lat' dir='ltr'><strong>praecipere,</strong></span> <span class='ocrx_word' id='word_1_29' title='bbox 615 1139 646 1191; x_wconf 86' lang='lat' dir='ltr'><strong>et</strong></span> <span class='ocrx_word' id='word_1_30' title='bbox 656 1127 814 1190; x_wconf 87' lang='lat' dir='ltr'><strong>venientes</strong></span> <span class='ocrx_word' id='word_1_31' title='bbox 829 1126 948 1212; x_wconf 88' lang='lat' dir='ltr'><strong>pellere</strong></span> <span class='ocrx_word' id='word_1_32' title='bbox 964 1123 1057 1190; x_wconf 77' lang='lat' dir='ltr'><strong>terris.</strong></span> 
     </span>
    </p>

    <p class='ocr_par' dir='ltr' id='par_1_6' title="bbox 278 1227 1128 1316">
     <span class='ocr_line' id='line_1_7' title="bbox 278 1227 1128 1316; baseline -0.007 -19"><span class='ocrx_word' id='word_1_33' title='bbox 278 1230 392 1316; x_wconf 89' lang='lat' dir='ltr'><strong>[Ultro</strong></span> <span class='ocrx_word' id='word_1_34' title='bbox 406 1233 524 1297; x_wconf 88' lang='lat' dir='ltr'><strong>animos</strong></span> <span class='ocrx_word' id='word_1_35' title='bbox 540 1229 618 1294; x_wconf 92' lang='lat' dir='ltr'><strong>tollit</strong></span> <span class='ocrx_word' id='word_1_36' title='bbox 633 1227 733 1308; x_wconf 90' lang='lat' dir='ltr'><strong>dictis,</strong></span> <span class='ocrx_word' id='word_1_37' title='bbox 749 1243 841 1314; x_wconf 86' lang='lat' dir='ltr'><strong>atque</strong></span> <span class='ocrx_word' id='word_1_38' title='bbox 858 1229 996 1316; x_wconf 81' lang='lat' dir='ltr'><strong>increpat</strong></span> <span class='ocrx_word' id='word_1_39' title='bbox 1007 1227 1088 1292; x_wconf 85' lang='lat' dir='ltr'><strong>ultro</strong></span> <span class='ocrx_word' id='word_1_40' title='bbox 1100 1229 1128 1314; x_wconf 91' lang='lat'><strong>:]</strong></span> 
     </span>
    </p>

    <p class='ocr_par' dir='ltr' id='par_1_7' title="bbox 279 1328 1086 1418">
     <span class='ocr_line' id='line_1_8' title="bbox 279 1328 1086 1418; baseline -0.006 -19"><span class='ocrx_word' id='word_1_41' title='bbox 279 1333 372 1417; x_wconf 77' lang='lat' dir='ltr'><strong>Quod</strong></span> <span class='ocrx_word' id='word_1_42' title='bbox 387 1337 466 1397; x_wconf 87' lang='lat' dir='ltr'><strong>votis</strong></span> <span class='ocrx_word' id='word_1_43' title='bbox 482 1332 620 1418; x_wconf 69' lang='lat' dir='ltr'><strong>optastis,</strong></span> <span class='ocrx_word' id='word_1_44' title='bbox 636 1330 734 1412; x_wconf 85' lang='lat' dir='ltr'><strong>adest,</strong></span> <span class='ocrx_word' id='word_1_45' title='bbox 748 1331 941 1418; x_wconf 80' lang='lat' dir='ltr'><strong>perfringere</strong></span> <span class='ocrx_word' id='word_1_46' title='bbox 957 1328 1086 1410; x_wconf 75' lang='lat' dir='ltr'><strong>dextrd3</strong></span> 
     </span>
    </p>

    <p class='ocr_par' dir='ltr' id='par_1_8' title="bbox 280 1430 1246 1520">
     <span class='ocr_line' id='line_1_9' title="bbox 280 1430 1246 1520; baseline -0.003 -22"><span class='ocrx_word' id='word_1_47' title='bbox 280 1435 315 1500; x_wconf 91' lang='lat' dir='ltr'><strong>ln</strong></span> <span class='ocrx_word' id='word_1_48' title='bbox 330 1435 472 1500; x_wconf 90' lang='lat' dir='ltr'><strong>manibus</strong></span> <span class='ocrx_word' id='word_1_49' title='bbox 487 1435 574 1499; x_wconf 90' lang='lat' dir='ltr'><strong>Mars</strong></span> <span class='ocrx_word' id='word_1_50' title='bbox 590 1432 665 1520; x_wconf 88' lang='lat' dir='ltr'><strong>ipse,</strong></span> <span class='ocrx_word' id='word_1_51' title='bbox 680 1433 759 1497; x_wconf 89' lang='lat' dir='ltr'><strong>viri:</strong></span> <span class='ocrx_word' id='word_1_52' title='bbox 782 1454 863 1496; x_wconf 93' lang='lat' dir='ltr'><strong>nunc</strong></span> <span class='ocrx_word' id='word_1_53' title='bbox 879 1431 1018 1519; x_wconf 89' lang='lat' dir='ltr'><strong>conjugis</strong></span> <span class='ocrx_word' id='word_1_54' title='bbox 1034 1433 1111 1496; x_wconf 85' lang='lat' dir='ltr'><strong>esto&#39;</strong></span> <span class='ocrx_word' id='word_1_55' title='bbox 1143 1430 1145 1436; x_wconf 70' lang='grc'><strong>’</strong></span> <span class='ocrx_word' id='word_1_56' title='bbox 1243 1501 1246 1508; x_wconf 24' lang='lat'><strong>⁴</strong></span> 
     </span>
    </p>

    <p class='ocr_par' dir='ltr' id='par_1_9' title="bbox 279 1535 1162 1625">
     <span class='ocr_line' id='line_1_10' title="bbox 279 1535 1162 1625; baseline -0.006 -21"><span class='ocrx_word' id='word_1_57' title='bbox 279 1539 421 1625; x_wconf 83' lang='lat' dir='ltr'><strong>Quisque</strong></span> <span class='ocrx_word' id='word_1_58' title='bbox 435 1561 499 1602; x_wconf 81' lang='lat' dir='ltr'><strong>suae</strong></span> <span class='ocrx_word' id='word_1_59' title='bbox 515 1537 649 1622; x_wconf 85' lang='lat' dir='ltr'><strong>tectique</strong></span> <span class='ocrx_word' id='word_1_60' title='bbox 665 1557 801 1600; x_wconf 90' lang='lat' dir='ltr'><strong>memor:</strong></span> <span class='ocrx_word' id='word_1_61' title='bbox 824 1557 904 1600; x_wconf 91' lang='lat' dir='ltr'><strong>nunc</strong></span> <span class='ocrx_word' id='word_1_62' title='bbox 921 1556 1031 1622; x_wconf 88' lang='lat' dir='ltr'><strong>magna</strong></span> <span class='ocrx_word' id='word_1_63' title='bbox 1046 1535 1162 1600; x_wconf 80' lang='lat' dir='ltr'><strong>referto</strong></span> 
     </span>
    </p>

    <p class='ocr_par' dir='ltr' id='par_1_10' title="bbox 282 1640 1181 1729">
     <span class='ocr_line' id='line_1_11' title="bbox 282 1640 1181 1729; baseline -0.002 -22"><span class='ocrx_word' id='word_1_64' title='bbox 282 1643 390 1724; x_wconf 79' lang='lat' dir='ltr'><strong>Facto,</strong></span> <span class='ocrx_word' id='word_1_65' title='bbox 404 1656 527 1729; x_wconf 89' lang='lat' dir='ltr'><strong>patrum</strong></span> <span class='ocrx_word' id='word_1_66' title='bbox 542 1643 670 1708; x_wconf 88' lang='lat' dir='ltr'><strong>laudes:</strong></span> <span class='ocrx_word' id='word_1_67' title='bbox 692 1641 773 1705; x_wconf 88' lang='lat' dir='ltr'><strong>ultro</strong></span> <span class='ocrx_word' id='word_1_68' title='bbox 787 1663 986 1706; x_wconf 87' lang='lat' dir='ltr'><strong>occurramus</strong></span> <span class='ocrx_word' id='word_1_69' title='bbox 1001 1641 1042 1707; x_wconf 92' lang='lat' dir='ltr'><strong>ad</strong></span> <span class='ocrx_word' id='word_1_70' title='bbox 1058 1640 1181 1722; x_wconf 91' lang='lat' dir='ltr'><strong>undam,</strong></span> 
     </span>
    </p>

    <p class='ocr_par' dir='ltr' id='par_1_11' title="bbox 281 1740 1089 1833">
     <span class='ocr_line' id='line_1_12' title="bbox 281 1740 1089 1833; baseline -0.004 -23"><span class='ocrx_word' id='word_1_71' title='bbox 281 1745 365 1810; x_wconf 89' lang='lat' dir='ltr'><strong>Dum</strong></span> <span class='ocrx_word' id='word_1_72' title='bbox 379 1745 503 1832; x_wconf 84' lang='lat' dir='ltr'><strong>trepidi,</strong></span> <span class='ocrx_word' id='word_1_73' title='bbox 518 1749 698 1833; x_wconf 85' lang='lat' dir='ltr'><strong>egressique</strong></span> <span class='ocrx_word' id='word_1_74' title='bbox 712 1740 821 1808; x_wconf 88' lang='lat' dir='ltr'><strong>labant</strong></span> <span class='ocrx_word' id='word_1_75' title='bbox 835 1743 961 1832; x_wconf 89' lang='lat' dir='ltr'><strong>vestigia</strong></span> <span class='ocrx_word' id='word_1_76' title='bbox 978 1746 1089 1832; x_wconf 88' lang='lat' dir='ltr'><strong>prima.</strong></span> 
     </span>
    </p>

    <p class='ocr_par' dir='ltr' id='par_1_12' title="bbox 285 1849 1005 1936">
     <span class='ocr_line' id='line_1_13' title="bbox 285 1849 1005 1936; baseline -0.006 -22"><span class='ocrx_word' id='word_1_77' title='bbox 285 1849 443 1914; x_wconf 84' lang='lat' dir='ltr'><strong>Audentes</strong></span> <span class='ocrx_word' id='word_1_78' title='bbox 460 1851 582 1914; x_wconf 81' lang='lat' dir='ltr'><strong>fortuna</strong></span> <span class='ocrx_word' id='word_1_79' title='bbox 594 1851 695 1936; x_wconf 83' lang='lat' dir='ltr'><strong>juvat.</strong></span> <span class='ocrx_word' id='word_1_80' title='bbox 1001 1863 1005 1872; x_wconf 91' lang='grc'><strong>’</strong></span> 
     </span>
    </p>

    <p class='ocr_par' dir='ltr' id='par_1_13' title="bbox 283 1949 1104 2036">
     <span class='ocr_line' id='line_1_14' title="bbox 283 1949 1104 2036; baseline 0.002 -22"><span class='ocrx_word' id='word_1_81' title='bbox 283 1951 365 2016; x_wconf 83' lang='lat' dir='ltr'><strong>Haec</strong></span> <span class='ocrx_word' id='word_1_82' title='bbox 382 1957 445 2032; x_wconf 84' lang='lat' dir='ltr'><strong>ait3</strong></span> <span class='ocrx_word' id='word_1_83' title='bbox 467 1966 498 2016; x_wconf 89' lang='lat' dir='ltr'><strong>et</strong></span> <span class='ocrx_word' id='word_1_84' title='bbox 512 1973 617 2016; x_wconf 92' lang='lat' dir='ltr'><strong>secum</strong></span> <span class='ocrx_word' id='word_1_85' title='bbox 633 1963 747 2030; x_wconf 89' lang='lat' dir='ltr'><strong>versat,</strong></span> <span class='ocrx_word' id='word_1_86' title='bbox 764 1972 839 2036; x_wconf 89' lang='lat' dir='ltr'><strong>quos</strong></span> <span class='ocrx_word' id='word_1_87' title='bbox 855 1949 970 2016; x_wconf 89' lang='lat' dir='ltr'><strong>ducere</strong></span> <span class='ocrx_word' id='word_1_88' title='bbox 985 1951 1104 2032; x_wconf 77' lang='lat' dir='ltr'><strong>contra,</strong></span> 
     </span>
    </p>

    <p class='ocr_par' dir='ltr' id='par_1_14' title="bbox 283 2051 1082 2244">
     <span class='ocr_line' id='line_1_15' title="bbox 283 2051 1082 2142; baseline -0.003 -24"><span class='ocrx_word' id='word_1_89' title='bbox 283 2051 348 2118; x_wconf 84' lang='lat' dir='ltr'><strong>Vel</strong></span> <span class='ocrx_word' id='word_1_90' title='bbox 363 2053 474 2142; x_wconf 83' lang='lat' dir='ltr'><strong>quibus</strong></span> <span class='ocrx_word' id='word_1_91' title='bbox 488 2053 632 2118; x_wconf 89' lang='lat' dir='ltr'><strong>obsessos</strong></span> <span class='ocrx_word' id='word_1_92' title='bbox 646 2055 744 2138; x_wconf 89' lang='lat' dir='ltr'><strong>possit</strong></span> <span class='ocrx_word' id='word_1_93' title='bbox 758 2051 952 2118; x_wconf 87' lang='lat' dir='ltr'><strong>concredere</strong></span> <span class='ocrx_word' id='word_1_94' title='bbox 968 2074 1082 2117; x_wconf 90' lang='lat' dir='ltr'><strong>muros.</strong></span> 
     </span>
     <span class='ocr_line' id='line_1_16' title="bbox 329 2155 1011 2244; baseline 0.003 -25"><span class='ocrx_word' id='word_1_95' title='bbox 329 2157 451 2222; x_wconf 88' lang='lat' dir='ltr'><strong>interea</strong></span> <span class='ocrx_word' id='word_1_96' title='bbox 467 2155 580 2221; x_wconf 81' lang='lat' dir='ltr'><strong>AEneas</strong></span> <span class='ocrx_word' id='word_1_97' title='bbox 596 2155 696 2220; x_wconf 91' lang='lat' dir='ltr'><strong>socios</strong></span> <span class='ocrx_word' id='word_1_98' title='bbox 712 2155 752 2220; x_wconf 88' lang='lat' dir='ltr'><strong>de</strong></span> <span class='ocrx_word' id='word_1_99' title='bbox 766 2157 924 2244; x_wconf 90' lang='lat' dir='ltr'><strong>puppibus</strong></span> <span class='ocrx_word' id='word_1_100' title='bbox 940 2156 1011 2221; x_wconf 88' lang='lat' dir='ltr'><strong>altis</strong></span> 
     </span>
    </p>

    <p class='ocr_par' dir='ltr' id='par_1_15' title="bbox 285 2259 1028 2344">
     <span class='ocr_line' id='line_1_17' title="bbox 285 2259 1028 2344; baseline 0.001 -21"><span class='ocrx_word' id='word_1_101' title='bbox 285 2259 433 2323; x_wconf 89' lang='lat' dir='ltr'><strong>Pontibus</strong></span> <span class='ocrx_word' id='word_1_102' title='bbox 448 2259 585 2344; x_wconf 82' lang='lat' dir='ltr'><strong>exponit.</strong></span> <span class='ocrx_word' id='word_1_103' title='bbox 630 2259 723 2322; x_wconf 85' lang='lat' dir='ltr'><strong>Multi</strong></span> <span class='ocrx_word' id='word_1_104' title='bbox 740 2281 867 2324; x_wconf 82' lang='lat' dir='ltr'><strong>servare</strong></span> <span class='ocrx_word' id='word_1_105' title='bbox 882 2281 1028 2324; x_wconf 89' lang='lat' dir='ltr'><strong>recursus</strong></span> 
     </span>
    </p>

    <p class='ocr_par' dir='ltr' id='par_1_16' title="bbox 285 2357 1123 2446">
     <span class='ocr_line' id='line_1_18' title="bbox 285 2357 1123 2446; baseline -0.001 -21"><span class='ocrx_word' id='word_1_106' title='bbox 285 2361 475 2446; x_wconf 83' lang='lat' dir='ltr'><strong>Languentis</strong></span> <span class='ocrx_word' id='word_1_107' title='bbox 490 2359 647 2446; x_wconf 70' lang='lat' dir='ltr'><strong>pelagici</strong></span> <span class='ocrx_word' id='word_1_108' title='bbox 663 2359 812 2425; x_wconf 87' lang='lat' dir='ltr'><strong>brevibus</strong></span> <span class='ocrx_word' id='word_1_109' title='bbox 827 2383 860 2424; x_wconf 89' lang='lat' dir='ltr'><strong>se</strong></span> <span class='ocrx_word' id='word_1_110' title='bbox 876 2359 1007 2425; x_wconf 89' lang='lat' dir='ltr'><strong>credere</strong></span> <span class='ocrx_word' id='word_1_111' title='bbox 1023 2357 1123 2440; x_wconf 87' lang='lat' dir='ltr'><strong>saltu;</strong></span> 
     </span>
    </p>

    <p class='ocr_par' dir='ltr' id='par_1_17' title="bbox 285 2461 1042 2549">
     <span class='ocr_line' id='line_1_19' title="bbox 285 2461 1042 2549; baseline 0.001 -22"><span class='ocrx_word' id='word_1_112' title='bbox 285 2463 347 2527; x_wconf 90' lang='lat' dir='ltr'><strong>Per</strong></span> <span class='ocrx_word' id='word_1_113' title='bbox 361 2483 463 2528; x_wconf 87' lang='lat' dir='ltr'><strong>remos</strong></span> <span class='ocrx_word' id='word_1_114' title='bbox 478 2461 555 2528; x_wconf 87' lang='lat' dir='ltr'><strong>alii.&#39;</strong></span> <span class='ocrx_word' id='word_1_115' title='bbox 587 2462 771 2549; x_wconf 84' lang='lat' dir='ltr'><strong>Speculatus</strong></span> <span class='ocrx_word' id='word_1_116' title='bbox 787 2463 891 2528; x_wconf 89' lang='lat' dir='ltr'><strong>littora</strong></span> <span class='ocrx_word' id='word_1_117' title='bbox 904 2463 1042 2545; x_wconf 89' lang='lat' dir='ltr'><strong>Tarcho,</strong></span> 
     </span>
    </p>

    <p class='ocr_par' dir='ltr' id='par_1_18' title="bbox 285 2565 1192 2652">
     <span class='ocr_line' id='line_1_20' title="bbox 285 2565 1192 2652; baseline 0.002 -22"><span class='ocrx_word' id='word_1_118' title='bbox 285 2565 356 2647; x_wconf 76' lang='lat' dir='ltr'><strong>Quis</strong></span> <span class='ocrx_word' id='word_1_119' title='bbox 371 2565 454 2632; x_wconf 88' lang='lat' dir='ltr'><strong>vada</strong></span> <span class='ocrx_word' id='word_1_120' title='bbox 469 2589 531 2632; x_wconf 93' lang='lat' dir='ltr'><strong>non</strong></span> <span class='ocrx_word' id='word_1_121' title='bbox 545 2567 674 2652; x_wconf 88' lang='lat' dir='ltr'><strong>spirant,</strong></span> <span class='ocrx_word' id='word_1_122' title='bbox 689 2589 746 2631; x_wconf 88' lang='lat' dir='ltr'><strong>nec</strong></span> <span class='ocrx_word' id='word_1_123' title='bbox 762 2567 863 2632; x_wconf 82' lang='lat' dir='ltr'><strong>fracta</strong></span> <span class='ocrx_word' id='word_1_124' title='bbox 877 2580 1085 2634; x_wconf 88' lang='lat' dir='ltr'><strong>remurmurat</strong></span> <span class='ocrx_word' id='word_1_125' title='bbox 1099 2565 1192 2650; x_wconf 87' lang='lat' dir='ltr'><strong>unda,</strong></span> 
     </span>
    </p>

    <p class='ocr_par' dir='ltr' id='par_1_19' title="bbox 286 2667 1081 2754">
     <span class='ocr_line' id='line_1_21' title="bbox 286 2667 1081 2754; baseline 0.003 -22"><span class='ocrx_word' id='word_1_126' title='bbox 286 2667 350 2734; x_wconf 89' lang='lat' dir='ltr'><strong>Sed</strong></span> <span class='ocrx_word' id='word_1_127' title='bbox 366 2691 451 2734; x_wconf 90' lang='lat' dir='ltr'><strong>mare</strong></span> <span class='ocrx_word' id='word_1_128' title='bbox 467 2668 646 2733; x_wconf 81' lang='lat' dir='ltr'><strong>inoffensum</strong></span> <span class='ocrx_word' id='word_1_129' title='bbox 661 2674 817 2734; x_wconf 89' lang='lat' dir='ltr'><strong>crescenti</strong></span> <span class='ocrx_word' id='word_1_130' title='bbox 833 2669 980 2734; x_wconf 89' lang='lat' dir='ltr'><strong>allabitur</strong></span> <span class='ocrx_word' id='word_1_131' title='bbox 995 2683 1081 2754; x_wconf 86' lang='lat' dir='ltr'><strong>aestu,</strong></span> 
     </span>
    </p>

    <p class='ocr_par' dir='ltr' id='par_1_20' title="bbox 288 2770 1043 2862">
     <span class='ocr_line' id='line_1_22' title="bbox 288 2770 1043 2862; baseline -0.001 -26"><span class='ocrx_word' id='word_1_132' title='bbox 288 2770 432 2838; x_wconf 83' lang='lat' dir='ltr'><strong>Advertit</strong></span> <span class='ocrx_word' id='word_1_133' title='bbox 446 2771 548 2836; x_wconf 80' lang='lat' dir='ltr'><strong>subitb</strong></span> <span class='ocrx_word' id='word_1_134' title='bbox 563 2793 685 2858; x_wconf 91' lang='lat' dir='ltr'><strong>proras,</strong></span> <span class='ocrx_word' id='word_1_135' title='bbox 701 2774 863 2860; x_wconf 90' lang='lat' dir='ltr'><strong>sociosque</strong></span> <span class='ocrx_word' id='word_1_136' title='bbox 877 2787 1043 2862; x_wconf 89' lang='lat' dir='ltr'><strong>precatur:</strong></span> 
     </span>
    </p>
   </div>
   <div class='ocr_carea' id='block_1_3' title="bbox 219 2881 1188 4383">
    <p class='ocr_par' dir='ltr' id='par_1_21' title="bbox 219 2881 1188 4383">
     <span class='ocr_line' id='line_1_23' title="bbox 219 2881 1096 2963; baseline 0 -17"><span class='ocrx_word' id='word_1_137' title='bbox 219 2933 222 2938; x_wconf 54' lang='grc'>,</span> <span class='ocrx_word' id='word_1_138' title='bbox 287 2881 390 2962; x_wconf 89' lang='lat' dir='ltr'><strong>Nunc,</strong></span> <span class='ocrx_word' id='word_1_139' title='bbox 403 2903 423 2945; x_wconf 93' lang='lat' dir='ltr'><strong>o</strong></span> <span class='ocrx_word' id='word_1_140' title='bbox 437 2881 520 2946; x_wconf 90' lang='lat' dir='ltr'><strong>lecta</strong></span> <span class='ocrx_word' id='word_1_141' title='bbox 534 2901 653 2962; x_wconf 90' lang='lat' dir='ltr'><strong>manus,</strong></span> <span class='ocrx_word' id='word_1_142' title='bbox 667 2881 781 2945; x_wconf 89' lang='lat' dir='ltr'><strong>validis</strong></span> <span class='ocrx_word' id='word_1_143' title='bbox 794 2881 965 2946; x_wconf 91' lang='lat' dir='ltr'><strong>incumbite</strong></span> <span class='ocrx_word' id='word_1_144' title='bbox 980 2885 1096 2963; x_wconf 85' lang='lat' dir='ltr'><strong>remis3</strong></span> 
     </span>
     <span class='ocr_line' id='line_1_24' title="bbox 284 2983 1046 3066; baseline -0.003 -17"><span class='ocrx_word' id='word_1_145' title='bbox 284 2983 413 3066; x_wconf 89' lang='lat' dir='ltr'><strong>Tollite,</strong></span> <span class='ocrx_word' id='word_1_146' title='bbox 427 2985 505 3050; x_wconf 83' lang='lat' dir='ltr'><strong>ferte</strong></span> <span class='ocrx_word' id='word_1_147' title='bbox 520 2997 623 3063; x_wconf 71' lang='lat' dir='ltr'><strong>rates,</strong></span> <span class='ocrx_word' id='word_1_148' title='bbox 645 2983 802 3048; x_wconf 91' lang='lat' dir='ltr'><strong>inimicam</strong></span> <span class='ocrx_word' id='word_1_149' title='bbox 817 2983 923 3049; x_wconf 85' lang='lat' dir='ltr'><strong>findite</strong></span> <span class='ocrx_word' id='word_1_150' title='bbox 937 2983 1046 3048; x_wconf 87' lang='lat' dir='ltr'><strong>rostris</strong></span> 
     </span>
     <span class='ocr_line' id='line_1_25' title="bbox 288 3087 1152 3176; baseline -0.001 -22"><span class='ocrx_word' id='word_1_151' title='bbox 288 3089 383 3154; x_wconf 86' lang='lat' dir='ltr'><strong>Hanc</strong></span> <span class='ocrx_word' id='word_1_152' title='bbox 399 3100 525 3169; x_wconf 90' lang='lat' dir='ltr'><strong>terram,</strong></span> <span class='ocrx_word' id='word_1_153' title='bbox 539 3087 722 3174; x_wconf 89' lang='lat' dir='ltr'><strong>sulcumque</strong></span> <span class='ocrx_word' id='word_1_154' title='bbox 738 3090 799 3153; x_wconf 91' lang='lat' dir='ltr'><strong>sibi</strong></span> <span class='ocrx_word' id='word_1_155' title='bbox 813 3103 935 3176; x_wconf 89' lang='lat' dir='ltr'><strong>premat</strong></span> <span class='ocrx_word' id='word_1_156' title='bbox 950 3093 1019 3176; x_wconf 90' lang='lat' dir='ltr'><strong>ipsa</strong></span> <span class='ocrx_word' id='word_1_157' title='bbox 1033 3090 1152 3156; x_wconf 86' lang='lat' dir='ltr'><strong>car&#39;ma.</strong></span> 
     </span>
     <span class='ocr_line' id='line_1_26' title="bbox 290 3189 1012 3278; baseline 0.004 -23"><span class='ocrx_word' id='word_1_158' title='bbox 290 3189 449 3278; x_wconf 68' lang='lat' dir='ltr'><strong>frangere</strong></span> <span class='ocrx_word' id='word_1_159' title='bbox 464 3209 522 3254; x_wconf 86' lang='lat' dir='ltr'><strong>nec</strong></span> <span class='ocrx_word' id='word_1_160' title='bbox 538 3189 592 3254; x_wconf 90' lang='lat' dir='ltr'><strong>tali</strong></span> <span class='ocrx_word' id='word_1_161' title='bbox 607 3191 735 3278; x_wconf 89' lang='lat' dir='ltr'><strong>puppim</strong></span> <span class='ocrx_word' id='word_1_162' title='bbox 750 3193 880 3257; x_wconf 88' lang='lat' dir='ltr'><strong>statione</strong></span> <span class='ocrx_word' id='word_1_163' title='bbox 891 3214 1012 3274; x_wconf 88' lang='lat' dir='ltr'><strong>recuso,</strong></span> 
     </span>
     <span class='ocr_line' id='line_1_27' title="bbox 289 3293 1064 3384; baseline 0.001 -25"><span class='ocrx_word' id='word_1_164' title='bbox 289 3293 424 3382; x_wconf 77' lang='lat' dir='ltr'><strong>Arreptit</strong></span> <span class='ocrx_word' id='word_1_165' title='bbox 439 3293 549 3359; x_wconf 91' lang='lat' dir='ltr'><strong>tellure</strong></span> <span class='ocrx_word' id='word_1_166' title='bbox 564 3293 672 3358; x_wconf 88' lang='lat' dir='ltr'><strong>semel.</strong></span> <span class='ocrx_word' id='word_1_167' title='bbox 715 3295 793 3378; x_wconf 83' lang='lat' dir='ltr'><strong>Quae</strong></span> <span class='ocrx_word' id='word_1_168' title='bbox 809 3296 885 3362; x_wconf 89' lang='lat' dir='ltr'><strong>talia</strong></span> <span class='ocrx_word' id='word_1_169' title='bbox 899 3309 1064 3384; x_wconf 89' lang='lat' dir='ltr'><strong>postquam</strong></span> 
     </span>
     <span class='ocr_line' id='line_1_28' title="bbox 290 3395 977 3485; baseline 0 -23"><span class='ocrx_word' id='word_1_170' title='bbox 290 3397 409 3464; x_wconf 83' lang='lat' dir='ltr'><strong>Ell&#39;atus</strong></span> <span class='ocrx_word' id='word_1_171' title='bbox 424 3395 561 3476; x_wconf 90' lang='lat' dir='ltr'><strong>Tarcho,</strong></span> <span class='ocrx_word' id='word_1_172' title='bbox 577 3399 652 3461; x_wconf 90' lang='lat' dir='ltr'><strong>socii</strong></span> <span class='ocrx_word' id='word_1_173' title='bbox 667 3419 856 3485; x_wconf 86' lang='lat' dir='ltr'><strong>consurgere</strong></span> <span class='ocrx_word' id='word_1_174' title='bbox 871 3401 977 3480; x_wconf 91' lang='lat' dir='ltr'><strong>tonsis,</strong></span> 
     </span>
     <span class='ocr_line' id='line_1_29' title="bbox 289 3499 1019 3586; baseline -0.001 -22"><span class='ocrx_word' id='word_1_175' title='bbox 289 3501 537 3586; x_wconf 87' lang='lat' dir='ltr'><strong>Spumantesque</strong></span> <span class='ocrx_word' id='word_1_176' title='bbox 552 3512 635 3564; x_wconf 91' lang='lat' dir='ltr'><strong>rates</strong></span> <span class='ocrx_word' id='word_1_177' title='bbox 651 3501 734 3565; x_wconf 85' lang='lat' dir='ltr'><strong>arvis</strong></span> <span class='ocrx_word' id='word_1_178' title='bbox 749 3502 864 3566; x_wconf 79' lang='lat' dir='ltr'><strong>inferre</strong></span> <span class='ocrx_word' id='word_1_179' title='bbox 880 3499 1019 3580; x_wconf 87' lang='lat' dir='ltr'><strong>Latinis;</strong></span> 
     </span>
     <span class='ocr_line' id='line_1_30' title="bbox 290 3594 1080 3683; baseline 0 -17"><span class='ocrx_word' id='word_1_180' title='bbox 290 3601 401 3668; x_wconf 89' lang='lat' dir='ltr'><strong>Donec</strong></span> <span class='ocrx_word' id='word_1_181' title='bbox 416 3594 518 3667; x_wconf 83' lang='lat' dir='ltr'><strong>rostra</strong></span> <span class='ocrx_word' id='word_1_182' title='bbox 534 3614 638 3666; x_wconf 87' lang='lat' dir='ltr'><strong>tenent</strong></span> <span class='ocrx_word' id='word_1_183' title='bbox 653 3603 780 3683; x_wconf 91' lang='lat' dir='ltr'><strong>siccum,</strong></span> <span class='ocrx_word' id='word_1_184' title='bbox 795 3616 825 3668; x_wconf 92' lang='lat' dir='ltr'><strong>et</strong></span> <span class='ocrx_word' id='word_1_185' title='bbox 840 3599 951 3667; x_wconf 66' lang='lat' dir='ltr'><strong>sedere</strong></span> <span class='ocrx_word' id='word_1_186' title='bbox 965 3602 1080 3666; x_wconf 84' lang='lat' dir='ltr'><strong>carinae</strong></span> 
     </span>
     <span class='ocr_line' id='line_1_31' title="bbox 290 3702 1103 3792; baseline -0.002 -23"><span class='ocrx_word' id='word_1_187' title='bbox 290 3703 408 3770; x_wconf 90' lang='lat' dir='ltr'><strong>Omnes</strong></span> <span class='ocrx_word' id='word_1_188' title='bbox 421 3708 582 3770; x_wconf 78' lang='lat' dir='ltr'><strong>innocua:</strong></span> <span class='ocrx_word' id='word_1_189' title='bbox 605 3702 661 3769; x_wconf 87' lang='lat' dir='ltr'><strong>sed</strong></span> <span class='ocrx_word' id='word_1_190' title='bbox 676 3727 736 3769; x_wconf 91' lang='lat' dir='ltr'><strong>non</strong></span> <span class='ocrx_word' id='word_1_191' title='bbox 751 3707 865 3792; x_wconf 88' lang='lat' dir='ltr'><strong>puppis</strong></span> <span class='ocrx_word' id='word_1_192' title='bbox 880 3717 942 3784; x_wconf 89' lang='lat' dir='ltr'><strong>tua,</strong></span> <span class='ocrx_word' id='word_1_193' title='bbox 957 3703 1103 3784; x_wconf 73' lang='lat' dir='ltr'><strong>Tarcho,</strong></span> 
     </span>
     <span class='ocr_line' id='line_1_32' title="bbox 292 3803 1133 3892; baseline -0.001 -21"><span class='ocrx_word' id='word_1_194' title='bbox 292 3807 437 3892; x_wconf 87' lang='lat' dir='ltr'><strong>Namque</strong></span> <span class='ocrx_word' id='word_1_195' title='bbox 452 3805 569 3870; x_wconf 85' lang='lat' dir='ltr'><strong>inflicta</strong></span> <span class='ocrx_word' id='word_1_196' title='bbox 583 3805 673 3870; x_wconf 84' lang='lat' dir='ltr'><strong>vadis</strong></span> <span class='ocrx_word' id='word_1_197' title='bbox 688 3805 781 3870; x_wconf 91' lang='lat' dir='ltr'><strong>dorso</strong></span> <span class='ocrx_word' id='word_1_198' title='bbox 796 3805 870 3869; x_wconf 92' lang='lat' dir='ltr'><strong>dum</strong></span> <span class='ocrx_word' id='word_1_199' title='bbox 884 3803 1001 3890; x_wconf 88' lang='lat' dir='ltr'><strong>pendet</strong></span> <span class='ocrx_word' id='word_1_200' title='bbox 1014 3807 1133 3892; x_wconf 92' lang='lat' dir='ltr'><strong>iniquo,</strong></span> 
     </span>
     <span class='ocr_line' id='line_1_33' title="bbox 287 3907 1010 3996; baseline -0.004 -23"><span class='ocrx_word' id='word_1_201' title='bbox 287 3909 428 3994; x_wconf 80' lang='lat' dir='ltr'><strong>Anceps,</strong></span> <span class='ocrx_word' id='word_1_202' title='bbox 442 3919 612 3973; x_wconf 89' lang='lat' dir='ltr'><strong>sustentata</strong></span> <span class='ocrx_word' id='word_1_203' title='bbox 627 3907 691 3990; x_wconf 90' lang='lat' dir='ltr'><strong>diu,</strong></span> <span class='ocrx_word' id='word_1_204' title='bbox 705 3909 876 3992; x_wconf 89' lang='lat' dir='ltr'><strong>fluctusque</strong></span> <span class='ocrx_word' id='word_1_205' title='bbox 891 3909 1010 3996; x_wconf 86' lang='lat' dir='ltr'><strong>fatigat,</strong></span> 
     </span>
     <span class='ocr_line' id='line_1_34' title="bbox 292 4007 1085 4094; baseline 0.003 -22"><span class='ocrx_word' id='word_1_206' title='bbox 292 4007 439 4088; x_wconf 83' lang='lat' dir='ltr'><strong>Solvitur,</strong></span> <span class='ocrx_word' id='word_1_207' title='bbox 454 4021 548 4092; x_wconf 88' lang='lat' dir='ltr'><strong>atque</strong></span> <span class='ocrx_word' id='word_1_208' title='bbox 563 4009 647 4074; x_wconf 82' lang='lat' dir='ltr'><strong>viros</strong></span> <span class='ocrx_word' id='word_1_209' title='bbox 663 4008 774 4074; x_wconf 90' lang='lat' dir='ltr'><strong>mediis</strong></span> <span class='ocrx_word' id='word_1_210' title='bbox 789 4011 917 4094; x_wconf 87' lang='lat' dir='ltr'><strong>exponit</strong></span> <span class='ocrx_word' id='word_1_211' title='bbox 931 4009 963 4073; x_wconf 91' lang='lat' dir='ltr'><strong>in</strong></span> <span class='ocrx_word' id='word_1_212' title='bbox 978 4009 1085 4090; x_wconf 88' lang='lat' dir='ltr'><strong>undis;</strong></span> 
     </span>
     <span class='ocr_line' id='line_1_35' title="bbox 292 4109 1084 4198; baseline 0.001 -22"><span class='ocrx_word' id='word_1_213' title='bbox 292 4111 462 4196; x_wconf 83' lang='lat' dir='ltr'><strong>Fragmina</strong></span> <span class='ocrx_word' id='word_1_214' title='bbox 475 4131 632 4177; x_wconf 88' lang='lat' dir='ltr'><strong>remorum</strong></span> <span class='ocrx_word' id='word_1_215' title='bbox 647 4133 724 4198; x_wconf 90' lang='lat' dir='ltr'><strong>quos</strong></span> <span class='ocrx_word' id='word_1_216' title='bbox 740 4125 770 4176; x_wconf 89' lang='lat' dir='ltr'><strong>et</strong></span> <span class='ocrx_word' id='word_1_217' title='bbox 785 4109 934 4176; x_wconf 88' lang='lat' dir='ltr'><strong>fluitantia</strong></span> <span class='ocrx_word' id='word_1_218' title='bbox 949 4125 1084 4178; x_wconf 88' lang='lat' dir='ltr'><strong>transtra</strong></span> 
     </span>
     <span class='ocr_line' id='line_1_36' title="bbox 291 4211 1188 4302; baseline 0.003 -23"><span class='ocrx_word' id='word_1_219' title='bbox 291 4211 479 4297; x_wconf 82' lang='lat' dir='ltr'><strong>impediunt,</strong></span> <span class='ocrx_word' id='word_1_220' title='bbox 493 4213 686 4300; x_wconf 84' lang='lat' dir='ltr'><strong>retrahitque</strong></span> <span class='ocrx_word' id='word_1_221' title='bbox 699 4213 813 4302; x_wconf 89' lang='lat' dir='ltr'><strong>pedem</strong></span> <span class='ocrx_word' id='word_1_222' title='bbox 828 4213 918 4280; x_wconf 88' lang='lat' dir='ltr'><strong>simul</strong></span> <span class='ocrx_word' id='word_1_223' title='bbox 932 4214 1017 4281; x_wconf 92' lang='lat' dir='ltr'><strong>unda</strong></span> <span class='ocrx_word' id='word_1_224' title='bbox 1031 4215 1188 4285; x_wconf 88' lang='lat' dir='ltr'><strong>relabens.</strong></span> 
     </span>
     <span class='ocr_line' id='line_1_37' title="bbox 671 4323 711 4383; baseline 0.025 -1"><span class='ocrx_word' id='word_1_225' title='bbox 671 4323 711 4383; x_wconf 82' lang='lat'><strong>41</strong></span> 
     </span>
    </p>
   </div>
   <div class='ocr_carea' id='block_1_4' title="bbox 0 0 1511 5124">
    <p class='ocr_par' dir='ltr' id='par_1_22' title="bbox 0 0 1511 5124">
     <span class='ocr_line' id='line_1_38' title="bbox 0 0 1511 5124; baseline 0 0"><span class='ocrx_word' id='word_1_226' title='bbox 0 0 1511 5124; x_wconf 95' lang='lat' dir='ltr'><strong> </strong></span> 
     </span>
    </p>
   </div>
  </div>
 </body>
</html>
