2978 5124
587 526 592 536 .
662 489 779 550 LIBER
798 491 835 551 X.
1234 503 1294 558 3³5

256 646 417 716 Turbidus
431 645 604 735 ingreditur
617 667 741 733 campo.
785 647 887 731 Quam
901 667 1030 736 magnus
1044 649 1151 732 Orion,
1163 643 1170 652 ”

256 753 360 836 Quum
374 751 473 838 pedes
488 749 605 816 incedit
618 749 713 816 medii
727 772 785 836 per
799 753 937 815 maxima
951 751 1049 816 Nerei

257 859 383 942 Stagna,
398 859 482 922 viam
496 853 652 936 scindens,
666 853 796 920 humero
811 855 1018 941 supereminet
1033 855 1149 938 undas3
1229 863 1290 923 765

257 963 319 1024 Aut
333 963 459 1025 summis
472 960 613 1024 reserens
626 979 774 1024 annosam
789 959 942 1024 montibus
956 982 1076 1042 ornum,

256 1063 492 1150 ingrediturque
506 1062 582 1142 solo,
597 1074 628 1126 et
642 1075 735 1148 caput
750 1060 829 1126 inter
844 1061 951 1126 nubila
964 1063 1091 1130 condit:

255 1164 344 1230 Talis
358 1187 391 1231 se
406 1166 501 1232 vastis
515 1164 608 1230 insert
622 1163 795 1229 Mezentius
809 1165 915 1230 armis.

255 1267 343 1332 Huic
359 1268 468 1333 contri
483 1267 608 1348 AEneas,
622 1264 798 1353 speculatus
815 1267 844 1336 iu
859 1269 981 1354 agmine
996 1266 1097 1356 longo,

253 1371 375 1437 Obvius
389 1375 437 1438 ire
451 1385 554 1457 parat.
598 1370 707 1435 Manet
721 1373 948 1455 imperterritus
962 1369 1024 1452 ille,

253 1475 388 1542 Hostem
403 1475 631 1562 magnanimum
646 1475 823 1560 opperiens,
838 1487 869 1539 et
883 1473 964 1538 mole
979 1473 1033 1538 sud
1048 1488 1126 1557 stat3

253 1581 356 1666 Atque
371 1577 468 1644 oculis
483 1577 615 1664 spatium
631 1599 773 1642 emensus
788 1591 934 1662 quantum
949 1582 1025 1642 satis
1040 1577 1158 1644 haste:

252 1678 376 1744 Dextra
390 1679 467 1744 mihi
481 1678 569 1760 deus,
584 1690 615 1744 et
630 1679 735 1759 telum,
750 1679 832 1762 quod
848 1679 964 1744 missile
980 1680 1071 1762 libro,

252 1782 343 1849 Nunc
358 1781 471 1850 adsint.
514 1782 628 1849 Voveo
641 1781 798 1870 predonis
811 1805 944 1869 corpore
957 1787 1056 1870 raptis

252 1882 396 1952 ludutum
410 1883 518 1972 spoliis
534 1886 632 1972 ipsum
648 1897 688 1965 te,
702 1885 817 1966 Lause,
831 1898 981 1972 tropaeum

250 1987 373 2058 AEneae.
417 1991 517 2074 Dixit,
534 1992 777 2078 stridentemque
792 1992 909 2056 eminus
923 1992 1044 2060 hastam

252 2097 374 2185 injicit:
397 2096 449 2162 illa
465 2097 574 2163 volans
588 2096 704 2184 clypeo
720 2109 766 2160 est
781 2117 922 2176 excussa,
936 2096 1106 2185 proculque

251 2201 418 2289 Egregium
432 2205 581 2265 Antorem
596 2200 676 2266 latus
692 2201 770 2266 inter
784 2213 814 2264 et
830 2199 884 2264 ilia
900 2200 972 2287 figit,

251 2299 400 2368 Herculis
414 2303 564 2392 Antorem
578 2301 732 2379 comitem,
747 2301 800 2386 qui
815 2303 925 2366 missus
940 2302 982 2366 ab
996 2303 1089 2390 Argis

250 2405 402 2472 Haeserat
416 2404 574 2485 Evandro,
589 2419 682 2488 atque
698 2405 777 2470 ltalia
790 2404 977 2470 consederat
993 2408 1080 2472 urbe.

251 2510 402 2574 Sternitur
416 2509 524 2574 infelix
540 2507 642 2572 alieno
657 2507 794 2589 vulnere,
809 2508 985 2594 coelumque

250 2615 403 2702 Adspicit,
417 2627 450 2678 et
463 2612 571 2678 dulces
586 2614 720 2678 moriens
736 2615 942 2680 reminiscitur
957 2618 1069 2704 Argos.

249 2717 330 2782 Tum
345 2721 414 2803 pius
430 2715 543 2781 AEneas
557 2713 678 2780 hastam
690 2715 787 2801 jacit:
810 2713 863 2779 illa
877 2736 935 2801 per
948 2718 1058 2783 orbem

247 2821 322 2886 AEre
336 2843 447 2886 cavum
461 2820 586 2907 triplici,
599 2841 657 2905 per
671 2817 753 2882 linea
768 2831 864 2906 terga,
878 2820 1041 2907 tribusque
1090 2866 1093 2874 ·

246 2927 385 2992 tramite
400 2927 549 2990 intextum
564 2927 661 2989 tauris
675 2943 764 3011 opus,
777 2927 901 3011 imaque
917 2924 998 2991 sedit

248 3029 393 3117 ingrine3
415 3029 470 3094 sed
486 3031 569 3093 vires
585 3024 669 3092 haud
685 3027 819 3113 pertulit.
863 3027 959 3094 Ocius
974 3049 1079 3096 ensem

246 3129 375 3214 AEneas,
389 3131 455 3196 viso
470 3128 633 3217 Tyrrheni
648 3133 807 3215 sanguine,
822 3129 918 3212 laetus,

243 3233 350 3320 Eripit
364 3255 383 3298 a
397 3233 521 3312 femine,
535 3245 566 3295 et
580 3230 750 3318 trepidanti
766 3231 904 3297 fervidus
919 3237 1022 3300 instat.

245 3336 396 3424 lngemuit
408 3335 475 3400 cari
489 3337 627 3421 graviter
641 3333 787 3421 genitoris
802 3357 919 3418 amore,

242 3433 288 3503 Ut
302 3439 389 3518 vidit,
403 3437 533 3518 Lausus,
549 3435 761 3523 lacrymaeque
775 3459 833 3524 per
847 3459 902 3502 ora
917 3439 1040 3505 volutae.
1215 3445 1277 3506 teu

242 3541 310 3606 Hic
324 3542 432 3606 mortis
446 3538 533 3604 duroe
547 3559 666 3620 casum,
681 3553 795 3624 tuaque
810 3545 928 3626 optima
942 3543 1035 3624 iacta,

243 3643 277 3707 Si
292 3662 354 3726 qua
369 3641 463 3706 fidem
477 3652 563 3707 tanto
578 3653 626 3706 est
639 3645 728 3728 operi
743 3641 845 3708 latura
859 3656 1006 3724 vetustas,

241 3743 311 3812 Nou
326 3745 480 3833 equidem,
494 3769 552 3811 nec
566 3759 608 3828 tc,
617 3747 748 3834 juvenis
758 3748 968 3830 memorande,
982 3747 1093 3815 silebo.

241 3847 297 3915 llle
311 3849 425 3936 pedem
439 3850 588 3930 reserens,
602 3861 634 3915 et
648 3849 772 3932 inutilis,
787 3851 880 3936 inque
895 3851 1017 3938 ligatus,

239 3951 395 4035 Cedebat,
408 3953 586 4041 clypeoque
600 3953 758 4018 inimicum
773 3951 886 4042 bastile
901 3953 1058 4022 trahebat.
1213 3967 1275 4032 795

241 4057 386 4143 Prorupit
396 4057 530 4143 juvenis,
544 4077 675 4141 seseque
690 4055 855 4120 immiscuit
870 4057 975 4122 armis.

237 4159 369 4246 Jamque
384 4161 573 4246 assurgentis
586 4157 709 4240 dextri,
722 4157 910 4246 plagamque
924 4161 1061 4248 serentis,
