2914 5130
183 439 239 504 224
622 439 814 502 mutnus

221 589 371 678 Scrupea,
385 605 452 658 tuta
467 593 538 660 lacu
553 593 641 680 nigro
656 614 877 680 nemorumque
892 595 1040 678 tenebris,

219 695 322 780 Quam
337 718 431 782 super
446 696 529 764 haud
543 695 611 772 ulla
627 712 771 784 poterant
785 697 909 785 impund
924 700 1064 765 volantes

220 795 367 862 'Pendere
382 799 441 862 iter
455 800 574 885 pennis
588 799 658 864 talis
673 822 743 866 sese
758 799 870 866 halitus
885 802 959 866 atris
1196 809 1259 866 ato

220 897 380 966 Faucibus
394 899 554 966 effundens
568 923 681 988 supera
697 901 738 966 ad
752 923 895 968 convexa
909 905 1049 984 ferebat3

219 995 329 1086 [Unde
344 1003 445 1070 locum
459 1005 547 1070 Graii
562 1005 710 1070 dixerunt
724 1007 846 1071 nomine
862 1008 1017 1094 hernon]

219 1106 361 1191 Quatuor
375 1107 428 1174 htc
444 1107 576 1194 primiun
590 1110 746 1196 nigrantes
762 1122 850 1196 terga
859 1114 1013 1198 juvencos

221 1207 399 1292 Constituit,
413 1213 567 1298 frontique
582 1216 715 1299 invergit
730 1215 802 1278 vina
817 1213 984 1280 sacerdos:

215 1311 262 1382 ‘Et
276 1337 410 1380 summas
424 1337 558 1402 carpens
574 1314 676 1382 media
692 1317 771 1380 inter
785 1338 902 1382 cornua
921 1332 1013 1398 setas,
1196 1325 1257 1382 245

216 1415 344 1503 ignibus
358 1407 488 1507 imponit
503 1421 611 1499 sacris,
626 1418 775 1484 libamina
789 1422 901 1504 prima,
1263 1407 1265 1411 ’

218 1517 310 1586 Voce
325 1541 442 1586 vocans
457 1520 611 1602 Hecaten,
626 1521 770 1606 coeloque
786 1522 954 1610 Ereboque
969 1537 1139 1610 potentem.

217 1623 401 1710 Supponunt
414 1623 469 1689 alii
483 1624 609 1704 cultros,
623 1624 825 1710 tepidumque
840 1647 985 1692 cruorem

217 1729 395 1814 Suscipiunt
408 1728 536 1814 pateris.
580 1729 650 1814 lpse
665 1729 725 1792 atri
739 1727 865 1794 velleris
886 1751 998 1817 agnam
1017 1779 1019 1784 -

217 1829 333 1896 AEneas
349 1834 439 1918 aratri
455 1829 670 1912 Eumenidum,
686 1851 866 1918 magnaque
882 1837 992 1914 sorori,
1193 1841 1255 1898 2⁵0

216 1933 301 2000 Ense
315 1933 406 2016 ferit,
428 1933 628 2020 sterilemque
644 1934 712 2014 tibi,
728 1934 927 2020 Proserpina,
941 1957 1082 2001 vaccam.

215 2035 298 2102 Tum
313 2038 423 2124 Stygio
436 2037 504 2124 regi
518 2051 685 2102 nocturnas
699 2036 827 2102 inchoat
842 2059 922 2118 aras,

214 2141 256 2206 Et
270 2140 369 2207 solida
384 2144 514 2229 imponit
528 2154 689 2207 taurorum
703 2144 827 2206 viscera
844 2142 983 2223 flammis,

216 2244 334 2332 Pingue
349 2245 444 2332 supdr
458 2245 561 2311 oleum
576 2243 741 2310 infundens
755 2244 938 2310 ardentibus
953 2247 1043 2312 extis.

257 2350 343 2416 Ecce
353 2363 471 2430 autem,
485 2349 578 2436 primi
592 2349 651 2412 sub
666 2348 783 2414 lumina
797 2349 871 2414 solis
886 2362 917 2414 et
931 2363 1027 2432 ortus,
1189 2357 1252 2416 255

214 2453 280 2518 Sub
294 2450 428 2537 pedibus
443 2450 560 2537 mugire
575 2447 685 2530 solum,
700 2463 730 2515 et
741 2451 818 2538 juga
832 2464 935 2539 coepta
950 2456 1068 2517 moveri

215 2552 382 2634 Silvarum,
397 2557 535 2640 visaeque
549 2574 645 2618 canes
660 2553 780 2620 ululare
794 2577 852 2641 per
866 2557 1019 2635 umbram,

211 2659 410 2726 Adventante
424 2655 495 2722 dea.
541 2654 663 2737 Procul,
678 2679 707 2737 o,
721 2656 831 2742 procul
846 2669 920 2738 este,
935 2659 1066 2743 profani,

212 2761 398 2830 Conclamat
411 2773 509 2840 vates,
523 2772 650 2843 totoque
666 2759 805 2824 absistite
820 2759 902 2825 luco.

211 2867 325 2953 Tuque
338 2862 453 2930 invade
467 2866 561 2942 viam,
576 2861 751 2949 vaginaque
767 2863 854 2949 eripe
869 2865 1004 2930 serrum:
1187 2873 1252 2931 260

209 2970 301 3038 Nunc
317 2969 427 3034 animis
441 2986 530 3050 opus,
544 2963 654 3047 AEnea,
669 2987 747 3030 nunc
763 2978 892 3050 pectore
907 2967 1007 3032 firmo.

210 3069 346 3140 Tautinn
361 3067 464 3149 effata,
478 3068 582 3132 furens
597 3081 687 3132 antro
701 3087 735 3132 se
750 3069 874 3133 immisit
890 3081 1018 3156 apertos

209 3175 267 3244 llle
282 3174 394 3240 ducem
409 3169 494 3238 haud
509 3167 624 3234 timidis
638 3167 804 3236 vadentem
819 3173 962 3258 passibus
976 3185 1091 3258 aequat.

250 3279 297 3346 Dt
311 3277 424 3365 quibus
438 3273 602 3360 imperium
617 3285 663 3337 est
678 3273 860 3356 animarum,
875 3277 1058 3364 umbraeque
1073 3278 1206 3360 silentes,

208 3380 380 3468 Ethhaos,
395 3391 427 3444 ct
441 3374 643 3462 Phlegethon,
658 3375 729 3442 loca
742 3389 834 3443 nocte
849 3382 986 3444 tacentia
1001 3380 1074 3461 latei,
1181 3387 1244 3445 265

209 3489 255 3556 Sit
268 3485 346 3553 mihi
360 3485 408 3550 t'as
422 3481 529 3554 audita
544 3479 638 3567 loqui,
652 3481 691 3546 sit
705 3486 831 3550 numina
844 3498 949 3550 vestro

208 3589 352 3658 Pandere
366 3609 417 3654 res
432 3583 592 3652 aitarens
607 3597 638 3648 et
651 3581 786 3671 caligine
800 3609 929 3654 mersas.

207 3695 298 3761 ibant
312 3689 438 3758 obscuri
452 3686 518 3754 sold
532 3687 590 3752 sub
605 3699 696 3752 nocte
711 3709 769 3774 per
783 3689 937 3770 umbram,
985 3691 988 3696 '

206 3797 329 3882 Perque
344 3792 453 3858 domos
466 3789 550 3856 Ditis
563 3809 679 3854 vacuas
694 3801 725 3854 et
739 3792 844 3855 inania
858 3811 973 3878 regna:

204 3896 306 3986 Quale
320 3918 378 3984 per
391 3899 544 3960 incertam
559 3892 663 3960 lunam
677 3894 737 3958 sub
751 3892 821 3958 luce
835 3893 972 3982 maligna
1152 3903 1245 3964 '270

207 4005 264 4072 Est
278 4003 336 4068 iter
349 4005 382 4066 in
396 3999 493 4081 silvis,
506 3999 561 4063 ubi
575 3998 689 4064 coelum
703 3997 842 4064 condidit
856 3999 968 4066 umbra

206 4108 339 4194 Jupiter,
353 4115 384 4169 et
397 4101 493 4168 rebus
508 4123 572 4167 nox
585 4101 712 4168 abstulit
726 4116 795 4171 atra
808 4101 958 4172 colorem.
