2992 5102
463 1021 1077 1117 GEORGICORUM

585 1323 725 1390 LIBER
746 1323 959 1393 TERTIUS.

281 1513 333 1582 Ta
351 1539 481 1604 quoqne,
498 1539 606 1602 magna
622 1515 724 1596 Pales,
741 1532 773 1581 et
787 1532 834 1596 te,
846 1521 1054 1599 memorande,
1070 1543 1226 1600 canemus,

282 1624 392 1688 Pastor
408 1625 445 1688 ab
462 1624 635 1710 Amphryso
649 1646 659 1702 ς
682 1645 746 1699 vos,
763 1623 853 1701 silvae,
870 1647 1035 1710 amnesque
1052 1627 1167 1710 Lycei.

282 1725 413 1806 Cetera,
430 1751 494 1813 quae
511 1749 622 1793 vacuas
638 1730 803 1792 tenuissent
819 1729 953 1794 carmine
969 1746 1098 1811 mentes,

282 1834 394 1899 Omnia
404 1834 469 1919 jam
486 1833 627 1919 vulgata:
650 1835 717 1918 quis
733 1851 784 1899 aut
800 1832 976 1919 Eurysthea
990 1839 1110 1914 durum,

280 1942 344 2005 Aut
359 1940 492 2004 illaudati
508 1941 605 2006 nescit
621 1937 770 2004 Busiridis
786 1939 879 2004 aras?
1283 1946 1302 2004 5

281 2043 342 2108 Cui
358 2065 418 2109 non
434 2044 533 2108 dictus
549 2043 648 2128 Hylas
663 2065 750 2128 puer,
767 2057 797 2108 et
813 2041 943 2108 Latonia
957 2041 1065 2122 Delos,

282 2151 552 2236 Hippodameque,
568 2141 889 2235 humeroque'Pelops
904 2149 1027 2234 insignis
1042 2151 1168 2230 chamo,

279 2257 364 2320 Acer
380 2254 492 2339 equis?
515 2251 678 2318 Tentanda
694 2254 741 2318 via
757 2270 813 2333 est,
831 2251 891 2338 qut
905 2273 955 2316 me
973 2274 1094 2339 quoque
1111 2257 1223 2341 possim

280 2360 406 2427 Tollere
422 2361 525 2437 burno,
541 2360 697 2442 victorque
713 2357 810 2423 vinim
827 2356 950 2422 volitare
966 2380 1022 2443 per
1036 2382 1101 2425 ora.
1174 2360 1178 2370 ’

280 2464 403 2531 Primus
418 2483 476 2548 ego
491 2465 521 2526 in
536 2465 664 2546 patriam
680 2483 813 2540 mecum,
830 2461 923 2529 modd
938 2465 998 2529 vita
1013 2467 1152 2551 supersit,
1183 2475 1185 2482 ⁴
1263 2468 1304 2528 lo

280 2568 381 2632 Aonio
396 2568 518 2631 rediens
534 2567 685 2630 deducam
700 2567 815 2630 vertice
828 2563 933 2631 Musas
948 2591 956 2630 t

280 2673 402 2739 Primus
417 2671 566 2736 Idumaeas
581 2669 712 2733 reseram
727 2671 791 2748 tibi,
810 2669 947 2751 Mantua,
963 2671 1078 2757 palmas
1091 2695 1101 2752 ;

281 2777 324 2843 Et
339 2778 425 2842 viridi
442 2778 472 2840 in
488 2797 597 2861 campo
613 2776 759 2860 templum
775 2777 814 2841 de
831 2775 981 2842 mannore'
996 2779 1118 2863 ponam,

281 2883 412 2967 Propter
429 2903 549 2967 aquam,
565 2881 659 2945 tardis
674 2881 785 2965 ingens¹
795 2881 846 2944 ubi
862 2879 992 2946 flexibus
1003 2879 1087 2947 ¹e'rr'at

280 2989 424 3066 Mincius,
441 3001 472 3050 et
486 2985 593 3050 tenerb
607 2985 746 3070 praetexit
762 2977 909 3049 arundine
924 2985 1018 3072 ripa'si
1263 2983 1303 3050 lb

280 3093 315 3158 ln
329 3093 430 3158 medio
447 3092 519 3154 mibi
534 3090 640 3155 Caesar
655 3089 722 3169 erit,
738 3091 945 3176 templumque
961 3092 1085 3156 tenebit.

280 3198 327 3263 llli
342 3200 439 3262 victor
451 3217 519 3281 ego,
537 3208 567 3259 et
581 3193 679 3279 Tyrio
695 3211 876 3280 conspectus
891 3196 919 3261 in
937 3211 1028 3276 ostro,

281 3304 416 3369 Centum
432 3302 626 3387 quadrijugos
639 3301 758 3383 agitabo
774 3302 811 3364 ad
829 3300 953 3367 flumina
968 3323 1084 3366 currus.
1151 3305 1153 3316 ’

281 3409 402 3476 Cuncta
418 3409 502 3484 mihi,
519 3407 671 3491 Alpheum
687 3406 825 3490 linquens
840 3409 985 3493 lucosque
1002 3405 1163 3487 Molorchi,

280 3514 429 3582 Cursibus
441 3527 472 3576 et
486 3511 582 3574 crudo
597 3510 744 3573 decernet
760 3511 878 3576 Gracia
893 3525 997 3577 cestu.
1258 3513 1302 3573 20

280 3620 362 3706 lpse,
379 3604 471 3704 caput
487 3632 577 3680 tonsae
594 3611 671 3677 loliis
686 3630 808 3680 ornatus
823 3617 919 3698 olivas,

280 3723 372 3790 Dona
388 3725 496 3788 leram.
520 3720 590 3784 Jam
606 3733 686 3783 nun'c
702 3720 854 3788 solemnes
869 3723 984 3788 ducere
1000 3742 1127 3808 pompas

280 3829 332 3893 Ad
348 3829 473 3894 delubra
484 3827 580 3912 juvat,
596 3845 752 3908 cesosque
767 3828 870 3891 videre
881 3829 1050 3913 juvencos:

280 3929 342 3995 Vel
357 3951 450 3994 scena
466 3945 499 3994 ut
513 3929 608 3993 versis
623 3928 761 3992 discedat
776 3928 931 4005 frontibus,
947 3947 1041 4014 utque

281 4036 443 4121 Purpurea
457 4038 564 4099 intexti
579 4035 684 4098 tollant
699 4035 792 4098 aulaea
808 4033 957 4100 Britanni.
1257 4036 1301 4097 25

279 4140 443 4208 lusoribus
459 4161 591 4224 pugnam
607 4159 647 4203 ex
663 4160 736 4203 auro
752 4138 908 4222 solidoque
925 4139 1086 4225 elephanto
1294 4140 1298 4147 '

281 4245 488 4330 Gangaridum
504 4241 625 4318 faciam,
642 4243 821 4330 victorisque
838 4265 922 4310 arma
937 4244 1081 4323 Quirini3
