2914 5130
634 507 751 572 mnu
770 505 819 568 Vl.
1216 513 1274 572 tto

237 671 393 762 Ingentem
406 669 545 738 AEneen.
587 669 715 736 Gemuit
728 671 788 736 sub
802 667 942 756 pondere
956 670 1075 758 cymba
1139 709 1145 716 -

236 777 347 858 Sutilis,
363 789 394 842 et
409 774 537 841 muitam
551 773 675 859 accepit
688 776 806 838 morosa
819 772 978 858 paludem.

234 881 377 946 Tandem
388 893 476 944 trans
486 878 614 942 muium
624 873 793 942 incolumes
803 893 970 964 vatemque
980 880 1145 966 vinumque
1200 887 1272 952 Ι415

236 983 360 1048 informi
375 983 450 1048 limo
463 979 638 1069 gbucique
652 983 782 1066 exponit
795 983 827 1044 in
841 980 926 1046 ulai.

237 1085 392 1152 Cerberus
408 1085 477 1150 bare
490 1085 601 1170 ingens
613 1083 727 1148 iau-atu
741 1104 839 1170 regna
852 1085 976 1150 trifauci

237 1189 396 1268 Personat,
411 1185 545 1252 adverso
557 1185 714 1250 recubam
729 1185 870 1250 immanis
884 1189 917 1250 in
931 1199 1030 1252 antro.

235 1289 293 1357 Cui
307 1305 408 1369 vates,
424 1291 553 1355 horrere
567 1289 677 1354 videns
691 1290 758 1376 jam
773 1289 856 1355 colla
870 1287 1018 1371 colubris,

235 1393 331 1460 Melle
345 1404 524 1480 soporatam
539 1403 571 1456 et
585 1389 747 1458 medicatis
761 1392 901 1478 frugibus
915 1391 1009 1458 offam

235 1497 369 1585 Objicit:
393 1495 454 1576 iile,
469 1496 551 1560 same
566 1493 680 1562 rabida
694 1497 755 1560 tria
769 1507 893 1581 gramma
909 1493 1060 1580 pandens,

235 1598 375 1686 Corripit
388 1599 555 1686 objectam,
570 1612 665 1682 atque
680 1597 825 1662 immama
840 1611 927 1684 terga
940 1598 1067 1665 resoivit

234 1701 333 1766 Fusus
348 1702 444 1781 humi,
458 1713 585 1785 totoque
600 1700 707 1785 ingens
722 1697 902 1765 extenditur
916 1713 1017 1768 anuo·

233 1805 378 1890 Occupat
392 1801 654 1881 AEneasaditum
669 1801 799 1866 custode
814 1803 944 1888 sepulto,

232 1905 410 1993 Evaditque
425 1904 512 1970 celer
525 1906 627 1992 ripam
641 1904 849 1970 irremeabilis
862 1905 967 1972 undae.

274 2008 432 2076 Continui>
446 2008 562 2073 auditu
577 2029 689 2090 vocem,
698 2008 818 2094 vagitus
833 2023 864 2072 et
878 2008 993 2094 ingens,

233 2113 453 2198 infantumque
468 2113 579 2176 animm
595 2111 703 2178 flentes
718 2114 750 2175 in
765 2109 870 2176 limine
884 2112 1004 2196 prim03

231 2217 318 2302 Quos
333 2214 435 2280 dulcis
451 2215 517 2279 vita
533 2227 673 2279 exsortes
688 2226 719 2278 et
734 2212 775 2278 ob
790 2213 889 2278 ubere
903 2225 1009 2298 raptos

234 2317 458 2386 Abstulitatra
472 2316 552 2397 dies,
566 2329 598 2380 et
611 2319 719 2382 firnere
734 2317 841 2382 mersit
854 2317 984 2382 acerbo.

233 2423 304 2486 Hos
315 2422 407 2507 juxta
421 2418 502 2484 falso
514 2419 655 2485 damnati
670 2420 801 2484 crimine
815 2420 934 2484 mortis.
980 2454 990 2473 ·

233 2525 300 2590 Nec
314 2521 393 2588 verb
408 2521 454 2586 ba
469 2522 536 2588 sine
551 2538 637 2587 sorte
651 2522 745 2600 datm,
759 2523 824 2586 sine
835 2522 954 2610 judice,
968 2523 1071 2590 sedes.

232 2630 389 2712 eraesitor
400 2629 505 2694 Minos
518 2647 629 2692 urnam
643 2637 764 2690 moret:
786 2625 839 2690 ilie
854 2626 997 2694 siientrim
1038 2615 1051 2636 ⁶

233 2731 474 2817 Conciiiumque
487 2743 592 2810 vocat,
605 2731 750 2813 vitasque
764 2742 795 2793 et
809 2729 938 2796 crimina
955 2731 1059 2798 discit.

235 2831 384 2898 Proxima
397 2831 512 2899 deinde
526 2830 747 2896 tenent-mmsti
761 2829 841 2912 loca,
854 2833 908 2916 qui
922 2833 983 2898 sibi
998 2833 1091 2900 letum

233 2933 375 3001 insontes
388 2933 541 3022 peperire
555 2955 659 3014 manu,
673 2931 837 3018 lucemque
851 2939 956 3020 perosi

235 3037 403 3126 Projectire
418 3038 547 3104 animam
591 3035 694 3120 Quam
708 3034 824 3100 vellent
837 3035 956 3102 retbere
969 3040 1003 3102 in
1016 3038 1081 3104 alto

233 3139 324 3206 Nunc
340 3153 371 3204 et
386 3140 569 3226 pauperiem
583 3151 614 3202 et
628 3135 723 3203 duros
737 3137 878 3224 perferre
893 3138 1037 3205 iabores!

233 3239 295 3308 Fas
310 3243 424 3322 obstat,
439 3243 582 3326 tristique
595 3239 687 3326 palus
701 3239 877 3306 inamabilis
891 3240 976 3308 andri

230 3345 359 3434 surgat,
374 3361 406 3411 et
420 3349 528 3410 novies
543 3347 624 3430 Styx
638 3345 788 3412 interfusa
800 3347 939 3411 coircet.

232 3447 302 3512 Nec
316 3445 428 3534 procul
443 3446 516 3512 hinc
531 3458 654 3532 partem
667 3446 727 3512 iusi
743 3459 951 3512 monstrantur
963 3447 996 3513 in
1009 3467 1132 3519 omnem
1208 3458 1271 3518 tto

232 3551 390 3640 Lugentes
404 3551 523 3636 campi:
547 3551 592 3619 sic
606 3549 678 3616 illos
691 3553 816 3616 nomine
831 3549 949 3616 dicunt.

232 3653 301 3720 Hic
315 3675 394 3741 quos
408 3655 507 3720 durus
521 3675 610 3720 amor
623 3652 744 3720 crudeli
759 3653 833 3724 tube
851 3651 974 3739 peredit

232 3757 353 3823 Secreti
368 3757 474 3824 celant
486 3755 595 3838 tofles,
609 3769 641 3822 et
654 3769 778 3844 myrtea
792 3753 911 3820 circtira
1047 3787 1052 3794 ·

232 3861 320 3926 Silva
335 3862 429 3948 tegit3
455 3883 539 3927 cmm
553 3883 616 3926 non
629 3861 700 3948 ipss
713 3861 744 3926 in
759 3872 857 3924 morte
871 3857 1058 3946 relinquunt.

233 3963 297 4028 His
308 3962 476 4030 Phaedram
488 3965 680 4049 Procrimque
692 3963 780 4041 locis,
790 3973 995 4048 moestamque
1006 3963 1183 4055 Eriphylen
1208 3975 1271 4035 445

232 4063 381 4130 Crudelis
394 4069 461 4130 nati
475 4077 700 4132 monstrantem
711 4062 851 4143 vulnera,
865 4067 975 4144 cernit,

229 4165 459 4255 Euadnenque‚
472 4182 503 4234 et
518 4167 706 4258 Pasiphaen·
750 4167 814 4234 His
827 4165 1002 4234 medentia
