2956 5132
580 501 867 565 GEOllGlOORUhl

232 647 355 718 Interea
370 654 482 717 teneris
497 652 669 737 tepefactus
684 656 713 717 in
729 655 846 720 mribus
863 657 970 720 humor
1097 675 1100 684 ’

234 753 376 836 AEstuat3
400 772 432 820 et
445 758 569 823 visenda
586 759 684 822 modis
700 759 840 822 animalia
856 761 948 837 miris,

234 857 360 926 Trunca
376 862 488 947 pedum
506 863 614 948 primb,
630 883 702 928 ntox
719 879 751 927 et
766 865 920 929 stridentia
935 865 1051 950 pennis,
1130 896 1133 908 ·
1197 863 1262 928 810

235 964 416 1044 Miscentur,
433 982 616 1053 tenuemque
633 965 729 1053 magis
746 967 842 1054 magis
857 971 929 1034 adra
944 981 1093 1054 carpunt:
1147 995 1150 1003 ¹

235 1071 360 1150 Donec,
377 1088 409 1136 ut
425 1074 533 1138 estivis
547 1074 662 1138 effusus
677 1075 807 1138 nubibus
822 1075 930 1153 imber,

237 1177 402 1262 Ernpdre3
424 1192 477 1243 aut
491 1195 524 1242 ut
539 1199 632 1244 nervo
648 1180 786 1265 pulsante
802 1182 927 1265 sagitte,
986 1213 989 1221 ¹
1032 1189 1034 1196 “

237 1283 343 1349 Prima
359 1285 442 1350 leves
454 1286 557 1350 ineunt
570 1287 594 1350 si
611 1287 732 1371 quando
747 1288 853 1373 proelia
869 1287 985 1352 Parthi.
1092 1304 1095 1313 ’

143 1389 158 1406 '
282 1390 361 1467 Quis
377 1393 453 1458 deus
469 1393 559 1480 banc,
574 1392 683 1469 Musae,
700 1394 767 1477 quis
782 1393 868 1456 nobis
880 1391 999 1456 extudit
1015 1391 1136 1456 artem?
1197 1391 1261 1452 315

238 1496 331 1563 Unde
343 1518 420 1562 nora
436 1500 587 1584 ingressus
602 1501 757 1562 hominum
773 1499 961 1582 experientia
974 1495 1081 1584 cepit?

280 1603 390 1668 Pastor
406 1604 560 1679 Arntem,
577 1601 695 1686 fugiens
710 1602 828 1668 Peneia
843 1601 978 1688 Tempe,

236 1710 376 1790 Amissis,
391 1723 425 1772 ut
441 1710 531 1789 sama,
548 1709 655 1794 apibus
670 1710 837 1794 morboque
853 1710 1007 1794 fameque,

236 1815 347 1880 Tristis
362 1817 401 1880 ad
417 1815 546 1878 extremi
562 1833 682 1878 ssorum
697 1827 790 1899 caput
805 1813 917 1878 adstitit
931 1814 1038 1890 amnis,
1170 1819 1190 1870 .’

238 1915 337 1984 Multa
353 1939 494 2004 quereus,
510 1931 601 2004 atque
617 1918 675 1984 hec
691 1919 799 1983 affatus
813 1937 890 1983 noce
906 1931 1085 2003 parentem:
1199 1917 1262 1978 320

237 2023 350 2104 Meter,
367 2025 492 2109 Cyrene
507 2040 616 2104 mater,
633 2047 698 2111 que
715 2026 839 2111 gurgitis
854 2025 942 2113 hujus

236 2133 302 2197 lma
318 2147 414 2210 tenes,
431 2132 503 2216 quid
519 2153 570 2195 me
586 2131 731 2217 preclaris
746 2133 837 2216 stirpe
854 2133 985 2196 deorum

238 2237 289 2325 (Si
306 2237 409 2316 morib,
427 2259 519 2324 quem
534 2239 688 2324 perhibes,
700 2253 786 2324 petet
801 2252 848 2301 est
862 2235 1066 2320 Thymbraeus
1081 2233 1208 2323 Apollo)

236 2341 371 2407 Invisum
386 2341 454 2407 satis
470 2343 624 2428 genuisti?
649 2357 700 2407 ant
715 2343 775 2428 qud
791 2342 842 2406 tibi
859 2341 953 2407 nostri

238 2445 352 2512 Pulsus
367 2448 477 2512 amor?
502 2447 574 2532 quid
589 2467 640 2510 me
655 2448 769 2512 coelum
783 2469 907 2534 sperare
917 2448 1074 2535 jubebas?
1133 2480 1135 2490 ·
1199 2449 1260 2512 ³25

239 2554 290 2618 En
307 2555 398 2618 etiam
412 2555 492 2618 hunc
508 2555 606 2637 ipsum
618 2555 685 2618 vite
701 2553 835 2618 mortalis
849 2555 1008 2646 bonorem,
1143 2607 1147 2612 .

240 2659 347 2735 Quem
361 2659 435 2750 pnihi
448 2660 500 2722 vix
516 2657 636 2743 frugum
653 2673 684 2722 et
700 2661 853 2744 pecudum
869 2663 1009 2727 custodia
1024 2661 1119 2726 solers
1198 2704 1204 2715 -

239 2764 352 2830 Omnia
367 2767 492 2830 tentanti
508 2757 679 2842 excuderet,
695 2779 726 2831 te
743 2781 849 2845 matre,
864 2768 1014 2852 relinquo.
1107 2796 1114 2824 '.

242 2869 326 2945 Quin
342 2893 409 2956 age,
426 2885 456 2934 et
472 2872 536 2956 ipsa
553 2891 643 2936 manu
660 2869 766 2936 felices
782 2893 856 2935 erue
872 2872 972 2950 silvas,

243 2975 306 3041 Fer
322 2977 445 3042 stabulis
460 2977 615 3041 inimicum
632 2978 744 3060 ignem,
760 2991 851 3061 atque
866 2977 1002 3042 interfice
1019 2995 1144 3054 messes,
1201 2977 1265 3046 830

241 3083 306 3147 Ure
323 3098 398 3162 sata,
414 3097 445 3148 et
459 3084 591 3148 validam
606 3086 637 3146 in
652 3085 728 3148 vites
743 3084 849 3146 molire
865 3084 1039 3168 bipennem,

242 3187 345 3254 Tanta
356 3213 431 3256 mea
448 3190 473 3253 si
489 3202 518 3252 te
534 3204 681 3275 ceperunt
696 3190 783 3254 tedia
797 3188 907 3254 laudis.
956 3219 959 3227 ·

286 3299 329 3362 At
344 3313 440 3362 muter
457 3296 586 3360 sonitum
601 3297 734 3360 thalamo
749 3297 805 3360 sub
822 3295 952 3362 fluminis
968 3295 1019 3358 alti

245 3404 355 3470 Sensit.
381 3401 462 3468 Earn
477 3403 592 3468 circum
609 3401 731 3466 Milesia
745 3403 858 3467 vellera
873 3401 1025 3487 Nympho

228 3510 430 3594 'Carpebanq
446 3509 528 3593 hyali
543 3523 644 3572 saturo
660 3507 762 3572 fucata
777 3508 897 3574 colore:
1201 3505 1266 3568 335

97 3609 119 3702 Ἰ
243 3611 436 3702 Drymuque',
453 3613 650 3698 Xanthoque,
666 3614 837 3699 Ligeaque,
853 3613 1115 3698 Phyllodoceque,

243 3724 410 3791 Caesariem
427 3725 528 3788 effuse
543 3725 668 3790 nitidam
682 3744 739 3808 per
754 3724 885 3788 candida
900 3723 977 3786 colla
992 3742 1001 3798 ς

244 3831 385 3918 [Nesca
403 3831 549 3917 Spioque,
564 3833 749 3916 Thaliaque,
765 3830 1008 3914 Cymodoceque
1022 3825 1048 3910 3]
1137 3839 1141 3844 '

244 3937 461 4024 Cydippeque,
473 3951 505 4002 et
519 3937 598 4002 flava
614 3935 773 4021 Lycorias,
790 3934 883 3999 ultera
896 3933 990 4014 virgo,

244 4045 351 4110 Altera
365 4058 429 4106 tum
447 4044 558 4127 primos
574 4043 699 4108 Lucina
715 4052 841 4126 experta
856 4038 999 4119 labores;
1205 4037 1270 4098 340

244 4146 391 4234 Clioque,
407 4160 438 4211 et
453 4145 556 4212 Beros
574 4167 669 4226 soror,
686 4143 884 4210 Oceanitides
899 4142 1007 4222 amba,

245 4255 352 4320 Ambae
368 4273 453 4330 auro,
469 4251 558 4340 pictis
572 4253 710 4318 incincta
725 4251 855 4337 pellibus
870 4249 988 4328 ambas
