2956 5132
174 491 231 552 1⁴2
614 487 803 552 Eurinus

256 639 349 706 Talia
359 640 531 727 jactabam,
546 651 576 702 ut
591 639 704 704 fur-iata
718 651 821 704 mente
835 638 977 720 ferebam

213 743 315 824 Quum
330 743 407 808 mihi
422 765 466 823 se,
480 733 540 808 non
556 742 628 806 anti
643 739 742 806 ocutis
758 753 820 806 tam
834 739 933 822 clara,
946 741 1117 810 videndam

212 844 344 925 Obtulit,
358 859 389 910 et
403 843 482 929 puris
495 855 690 928 pernoctem
705 845 738 908 iu
753 842 823 908 luce
837 843 968 923 refulsit,

214 946 307 1012 Alma
321 965 445 1033 parens,
459 946 604 1012 confesse
618 943 721 1023 deam,
736 943 899 1030 qualisque
914 945 1017 1012 videri

212 1049 375 1114 Coelicolis
389 1063 422 1116 et
434 1063 551 1135 quanta
565 1047 662 1132 splet5
683 1047 857 1132 dextrique
870 1047 1060 1137 prehensum

212 1150 383 1232 Continuit,
396 1173 549 1236 roseoque
564 1149 632 1216 haec
648 1154 774 1236 insuper
790 1149 914 1214 addidit
927 1171 999 1216 ore:

253 1255 347 1334 Nate,
360 1257 430 1338 quis
445 1253 611 1320 indomitas
627 1265 728 1318 tantus
743 1251 833 1316 dolor
848 1255 966 1316 excitat
980 1255 1066 1316 iras?

211 1357 295 1440 Quid
310 1360 407 1422 iuris?
428 1372 481 1422 aut
495 1355 630 1440 qudnam
644 1358 741 1420 nostri
756 1355 813 1420 tibi
829 1376 906 1419 cura
919 1358 1072 1420 recessit?

210 1461 281 1526 Non
295 1458 381 1546 prids
397 1459 554 1544 adspicies
568 1458 623 1522 ubi
639 1457 752 1522 fessum
768 1470 856 1522 atate
870 1468 1032 1542 parentem

209 1561 356 1647 Liqueris
371 1559 553 1626 Anchisen?
574 1570 699 1644 superet
712 1557 868 1644 conjuxne
883 1557 1016 1636 Creiisa,

208 1667 424 1748 Ascaniusque
439 1667 537 1748 pueri
559 1683 636 1748 quos
650 1681 757 1726 omnes
772 1659 910 1745 undique
924 1661 1028 1726 Graia

207 1769 337 1832 Circum
352 1781 458 1832 errant
472 1769 575 1844 acies3
597 1779 636 1844 et,
651 1767 684 1828 ni
698 1785 769 1830 mea
784 1785 861 1830 cura
876 1767 1011 1844 resistat,

206 1871 278 1942 Jam
293 1871 424 1934 flammae
439 1867 575 1948 tulerint,
588 1871 732 1932 inimicus
746 1881 777 1931 et
792 1867 931 1932 hauserit
945 1871 1038 1934 ensis

207 1971 278 2036 Non
293 1973 349 2035 tibi
365 1970 560 2057 Tyndaridis
575 1971 672 2034 iacies
688 1972 787 2034 inrisa
803 1969 958 2050 Lacaenae,

204 2071 398 2158 Culpatusvc
415 2073 523 2152 Paris;
543 2071 650 2136 diutim
665 2069 873 2151 inclementia,
888 2071 1004 2152 divirm,

205 2175 277 2240 Has
292 2178 403 2240 evertit
416 2196 503 2261 opes,
517 2177 686 2260 sternitque
702 2195 721 2237 a
735 2171 870 2238 culmine
885 2173 1026 2262 Trojam.

204 2277 361 2364 Adspice:
384 2299 518 2362 namque
533 2299 656 2342 omnem
671 2297 739 2362 quae
755 2297 836 2342 nunc
852 2276 989 2342 obducta
1003 2279 1100 2344 tuenti

203 2381 353 2448 Mortales
368 2380 497 2446 hebetat
511 2384 595 2444 risus
611 2381 679 2458 tibi,
693 2393 724 2443 et
739 2379 868 2444 humida
882 2378 1002 2446 circum

202 2484 338 2570 Caligat,
352 2485 467 2548 nubem
482 2486 631 2567 eripiam:
654 2495 687 2546 tu
700 2505 739 2547 ne
756 2504 817 2567 qua
831 2487 970 2568 parentis

200 2585 294 2654 Jussa
309 2590 392 2664 time,
407 2607 468 2649 neu
482 2585 648 2670 praeceptis
661 2605 776 2670 parcre
789 2608 913 2652 recusa.

202 2687 280 2766 Hic,
294 2687 348 2750 ubi
363 2685 509 2772 disjectas
524 2684 632 2764 molae,
646 2684 816 2771 avulsaque
831 2692 918 2752 saxis
957 2745 963 2756 .

201 2789 287 2852 Saxa
301 2787 400 2868 vides,
415 2790 574 2874 mixtoque
588 2787 756 2852 undantem
770 2789 900 2876 pulvere
915 2791 1044 2874 sumum,

199 2890 362 2976 Neptunus
378 2911 481 2955 muros
495 2912 669 2978 magnoque
684 2904 786 2956 emota
801 2891 929 2958 tridenti

200 2992 415 3058 Fundamenta
430 2994 537 3078 quatit,
552 3005 709 3078 totamque
725 2995 766 3060 ab
780 2995 909 3060 sedibus
924 2997 1034 3064 urbem

200 3097 302 3162 Eruit.
325 3098 391 3162 Hic
402 3099 485 3162 Juno
500 3099 605 3162 Scaeas
620 3101 791 3164 saevissima
805 3115 913 3184 portas

200 3201 306 3266 Prima
320 3213 412 3280 tenet,
427 3203 607 3284 sociumque
620 3200 725 3264 furens
741 3201 907 3268 anavibus
922 3225 1033 3292 agmen

199 3305 298 3369 Ferro
313 3306 455 3368 accincta
470 3315 573 3366 vocat.

197 3409 269 3474 Jam
285 3428 419 3472 summas
435 3427 525 3470 arces
540 3405 694 3484 Tritonia,
708 3409 842 3492 respice,
857 3405 962 3472 Pallas

202 3510 328 3590 Insedit,
342 3509 450 3574 nimbo
466 3507 614 3594 effulgens
629 3521 660 3574 et
673 3509 820 3596 Gorgone
835 3511 933 3576 saevin

198 3615 267 3698 lpse
282 3626 373 3698 pater
388 3611 509 3676 Danais
525 3613 644 3676 animos
659 3613 805 3698 viresque
820 3615 974 3682 secundus

197 3715 332 3794 Sufficit3
355 3715 420 3801 ipse
435 3713 512 3778 deos
526 3716 558 3778 in
573 3712 729 3780 Dardana
743 3720 872 3785 suscitat
887 3740 985 3782 arma.

197 3819 305 3902 Eripe,
319 3832 401 3898 nate,
415 3819 528 3904 sugam,
542 3817 696 3904 finemque
711 3823 834 3906 impone
850 3819 963 3887 labori.
1076 3875 1082 3884 .

197 3921 358 4004 Nusquam
374 3921 481 4002 abero,
496 3934 529 3985 et
543 3934 640 3986 tutum
654 3924 756 4006 patrio
772 3935 801 3986 te
817 3920 922 3987 limine
937 3925 1056 3992 sistam.

142 4017 168 4048 ⁹
196 4021 340 4100 Dixerat,
356 4033 386 4085 et
396 4023 502 4106 spissis
516 4025 616 4087 noctis
630 4045 664 4088 se
679 4019 819 4088 condidit
833 4023 964 4090 umbris.

198 4129 358 4212 Apparent
372 4125 449 4190 dira
464 4125 572 4206 iacies,
586 4129 776 4212 inimicaque
790 4125 892 4214 Troje
