2978 5124
190 499 248 564 846
287 559 306 572 ,.
631 489 818 560 AENElDOS

279 651 310 722 N
311 675 348 720 ec
363 649 462 720 minis
477 667 507 719 et
521 647 623 719 miseri
638 653 761 719 diversi
774 658 806 718 in
821 667 910 740 parte
925 651 1029 720 Latinl

238 753 416 824 Innumeras
431 757 572 823 struxere
587 781 694 844 pyras,
708 767 740 822 et
753 779 886 843 corpora
899 759 1011 844 partim

239 861 339 927 Multa
353 861 453 926 vinum
468 876 558 926 terrae
573 860 734 940 infodiunt,
748 875 919 946 avectaque
933 861 1045 947 partim
1203 863 1264 926 205

114 1012 126 1039 ,
241 963 400 1029 Finitimos
415 964 523 1028 tollunt
537 961 568 1028 in
583 984 684 1050 agros,
698 965 830 1048 urbique
845 968 1011 1029 remittunt.

240 1065 373 1145 Caetera,
387 1065 584 1148 confusaeque
600 1066 753 1149 ingentem
767 1065 863 1130 caedis
879 1085 1034 1144 acervum,

240 1161 308 1232 Nec
324 1187 451 1232 numero
465 1187 522 1230 nec
539 1165 654 1258 honore
670 1178 819 1231 cremant.
863 1165 952 1230 Tune
967 1167 1103 1251 undique
1117 1165 1196 1230 vesti

240 1267 391 1334 Certatim
406 1267 525 1334 crebris
537 1267 694 1334 collucent
708 1269 827 1356 ignibus
842 1269 919 1354 agri.

240 1365 350 1435 Tertia
365 1369 418 1434 lux
432 1368 567 1456 gelidam
580 1369 662 1434 coelo
676 1368 850 1434 dimoverat
864 1370 1017 1450 umbram,
1203 1375 1265 1434 210

184 1491 189 1502 ·
241 1467 408 1538 Moerentes
421 1473 515 1538 altum
529 1475 665 1538 cinerem
678 1486 712 1538 et
725 1473 852 1536 confusa
865 1473 996 1538 ruebant

240 1575 320 1641 Ossa
334 1575 421 1656 focis,
436 1571 603 1662 tepidoque
616 1577 790 1641 onerabant
804 1594 917 1662 aggere
931 1589 1033 1642 terrae.

281 1679 353 1742 Jam
367 1676 443 1742 verb
457 1679 488 1742 in
503 1678 591 1742 tectis
605 1676 775 1762 predivitis
790 1677 868 1742 urbe
883 1678 985 1744 Latini

243 1776 420 1868 Praecipuus
436 1781 549 1866 fragor,
564 1792 594 1844 et
609 1778 700 1864 longi¹
727 1801 777 1844 ars
792 1779 927 1846 maxima
942 1779 1061 1846 luctrisr

241 1879 307 1947 Hic
321 1897 434 1948 matres
449 1886 631 1968 miseraeque
647 1873 703 1946 nbi
742 1897 744 1904 '
765 1883 817 1946 hic
830 1903 906 1946 cara
921 1905 1059 1948 sororum
1203 1885 1264 1943 215

242 1981 372 2048 Pectora
386 1983 578 2062 moerontdm,
592 1983 742 2068 puerique
756 1984 937 2070 parentibus
950 1985 1031 2064 orbi,

241 2085 353 2156 Dirum
368 2098 569 2150 exsecrantur
583 2085 708 2165 bellum,
724 2086 882 2170 Turnique
897 2085 1096 2172 hymenaeos3

239 2185 341 2273 ipsum
356 2188 459 2266 armis,
474 2187 633 2272 ipsumque
644 2187 755 2272 jubent
768 2186 938 2252 decernere
954 2187 1045 2266 ferro,

237 2291 299 2372 Qui
314 2312 442 2376 regnum
457 2289 553 2354 Italiae
569 2303 599 2353 et
613 2289 728 2373 primos
743 2289 802 2354 sibi
817 2304 924 2376 poscat
939 2291 1082 2355 honores.

158 2380 161 2388 ’
237 2389 381 2478 lngravat
396 2391 463 2456 haec
478 2413 578 2456 saevus
592 2391 744 2471 Drances,
759 2392 918 2477 solumque
932 2391 1039 2458 vocari
1200 2395 1263 2455 220

236 2493 391 2574 Testatur,
406 2495 503 2560 solum
517 2497 603 2580 posci
618 2497 649 2558 in
664 2497 835 2560 certamina
850 2497 1000 2562 Turnum.

236 2593 336 2662 Multa
349 2595 439 2660 simul
454 2597 560 2660 contra
574 2597 668 2661 variis
682 2599 833 2662 sententia
845 2597 936 2662 dictis

238 2699 299 2763 Pro
313 2699 429 2776 Turno,
443 2709 474 2760 et
488 2719 630 2784 magnum
644 2702 758 2784 reginae
773 2719 884 2764 nomen
897 2699 1081 2764 obumbrat:

235 2799 335 2864 Multa
350 2802 450 2862 virum
464 2802 582 2862 meritis
595 2811 747 2864 sustentat
761 2801 844 2866 lama
858 2802 993 2885 tropaeis.

277 2899 348 2966 Hos
363 2903 442 2965 inter
456 2915 563 2982 motus,
578 2901 681 2969 medio
696 2903 726 2968 in
742 2902 891 2988 flagrante
904 2903 1043 2983 tumultu,
1197 2907 1260 2966 225

234 2998 318 3068 Ecce
329 3005 423 3090 super
435 3006 536 3070 moesti
550 3006 660 3091 magni
674 3003 837 3070 Diomedis
852 3006 894 3070 ab
907 3003 986 3070 urbe

235 3101 344 3194 Legati
359 3128 508 3194 responsa
522 3108 642 3172 serunt:
664 3105 741 3172 nihil
756 3107 900 3171 omnibus
915 3119 1017 3171 actum
1047 3093 1048 3099 ἵ

234 3205 405 3276 Tantorum
419 3211 564 3296 impensis
578 3231 726 3296 operum,
747 3210 789 3274 nil
804 3209 897 3289 doira,
909 3229 1010 3294 neque
1024 3231 1140 3291 amam,
1179 3243 1180 3248 ¹

233 3307 301 3378 Nec
317 3333 443 3399 magnas
457 3311 590 3378 valuisse
604 3334 734 3397 preces,
756 3311 819 3376 alia
834 3333 920 3376 arma
935 3313 1054 3378 Latinis

232 3413 420 3496 Quaerenda,
435 3427 489 3480 aut
502 3431 610 3498 pacem
625 3415 762 3500 Trojano
776 3415 817 3479 ab
831 3435 905 3501 rege
919 3415 1095 3500 petendam.
1112 3437 1122 3452 ·
1196 3421 1258 3482 280

128 3503 133 3516 ¹
232 3515 347 3582 Deficit
362 3517 475 3602 ingenti
490 3516 570 3581 luctu
585 3537 641 3579 rex
656 3517 721 3600 ipse
736 3515 877 3580 Latinus.

232 3614 373 3684 Fatalem
387 3611 511 3682 AEnean
525 3617 684 3682 manifesto
698 3618 821 3682 numine
837 3620 912 3683 semi

232 3717 387 3784 Admonet
401 3719 448 3782 ira
460 3715 564 3798 deum,
578 3717 745 3802 tumulique
759 3731 833 3784 aute
846 3741 902 3784 ota
915 3733 1066 3787 recentes·

233 3818 318 3908 Ergo
332 3820 497 3887 concilium
511 3839 653 3908 magrrum
667 3820 845 3907 primosque
858 3844 984 3908 suorum

230 3917 365 4007 imperio
378 3924 493 3988 accitos
507 3921 570 3986 atta
584 3923 664 3988 intra
677 3921 783 3988 limine
797 3925 889 4008 cogit.
1193 3931 1256 4004 2⁸st

230 4021 295 4090 Olli
307 4026 492 4107 convenire,
505 4025 661 4112 fluuntque
675 4024 717 4092 ed
731 4030 818 4114 regia
830 4025 930 4112 plenis

229 4119 412 4194 Tectaviis·
456 4125 939 4210 Sedetinmediis,etmaximus
951 4151 1030 4210 reru,
1242 4086 1258 4165 l
