2956 5132
666 501 783 566 tinuit
802 503 825 568 1.
1233 515 1288 574 tte

253 662 325 730 Non
339 670 440 728 mettis
453 653 560 724 officio
573 675 614 720 ne
628 665 661 719 te
674 653 811 720 certasse
825 658 963 740 priorem

257 769 422 834 Poeniteat.
445 763 527 828 Sunt
540 772 573 828 et
588 758 702 826 Siculis
715 760 896 847 regionibus
910 760 1015 842 urbes,

255 875 414 956 Arvaque,
428 867 633 954 Trojanoque
647 883 667 928 a
680 866 830 950 sanguiue
844 861 948 928 clarus
961 866 1106 934 Acestes.
1224 869 1286 930 ⁵50

256 975 444 1058 Quassatam
458 971 563 1036 ventis
578 967 671 1036 liceat
684 965 863 1034 subducere
877 966 1021 1050 classem,

256 1078 296 1144 Et
310 1077 397 1142 silvis
413 1087 524 1160 aptore
538 1071 655 1150 trebes,
668 1083 701 1136 et
716 1071 869 1156 stringere
882 1093 1004 1152 remos3

256 1183 289 1246 Si
304 1179 397 1246 dener
413 1176 545 1258 ltaliam,
559 1177 654 1242 soclis
669 1187 700 1240 et
713 1195 790 1261 rege
804 1187 942 1260 recepto,
957 1193 960 1200 ·

255 1283 414 1362 Tendere,
430 1293 464 1346 ut
479 1277 600 1346 ltaliam
615 1276 680 1344 leti
695 1277 886 1361 Latiumque
899 1289 1057 1362 petumus3

254 1387 310 1452 Sin
326 1386 493 1470 absumpta
506 1381 600 1462 salua,
615 1395 646 1448 et
661 1394 702 1462 te,
716 1393 806 1466 peter
820 1384 937 1468 optime
952 1381 1119 1464 Teucrum,
1218 1391 1281 1450 555

256 1491 371 1556 Pontus
386 1488 483 1554 babet
497 1487 625 1574 Libye,
639 1507 699 1552 nec
714 1506 786 1571 spes
796 1486 863 1572 jam
873 1497 975 1576 ¹restet
989 1485 1058 1567 litli,

257 1595 299 1657 At
313 1593 393 1656 freta
407 1593 542 1658 Sicania
556 1588 679 1668 saltem,
693 1585 848 1674 sedesque
862 1599 999 1674 paruus,
1090 1663 1093 1670 Δ

257 1693 352 1760 Unde
366 1694 427 1760 buc
441 1693 580 1774 advecti,
595 1712 766 1779 regensque
780 1703 921 1778 petamm
936 1695 1083 1758 Acesten.

256 1795 390 1862 Talibus
405 1796 556 1864 lienem:
579 1798 684 1863 cuncti
699 1792 790 1861 simul
804 1813 860 1862 ore
873 1795 1049 1862 sternebant
1143 1883 1146 1886 ,

253 1898 462 1978 Dardanide.

299 2001 380 2069 Tum
394 2003 534 2068 breviter
547 2001 646 2083 Dido,
660 2000 779 2068 uultum
793 2001 941 2082 demissa,
954 2003 1113 2088 protatur:

253 2105 375 2170 Solvite
389 2106 486 2171 corde
500 2119 626 2186 mettum,
640 2105 777 2185 Teucri;
798 2101 950 2172 secludite
965 2123 1068 2171 curas.

253 2205 322 2270 Res
337 2205 415 2272 dura
430 2220 461 2272 et
475 2210 563 2294 regni
576 2209 700 2272 novitas
714 2227 765 2272 me
780 2203 856 2270 talia
870 2217 987 2290 cogunt

251 2307 374 2387 Moliri,
390 2322 422 2374 et
435 2307 499 2372 late
514 2308 589 2374 flues
602 2306 734 2374 custode
749 2309 842 2372 tueri.

247 2413 335 2496 Qms
350 2431 450 2498 genus
463 2407 643 2491 Eneadtms,
658 2413 728 2497 quis
743 2409 850 2498 Trojar
864 2411 985 2476 nesciat
998 2410 1120 2492 orbem,

250 2516 473 2600 virtutesque,
488 2515 643 2600 virosque,
657 2527 711 2580 sut
725 2517 805 2580 tanti
819 2511 966 2581 incendia
980 2513 1078 2580 bellil

250 2616 326 2683 Nou
341 2617 452 2684 obtusa
466 2615 549 2684 adeo
562 2631 720 2706 gestem
734 2630 863 2704 pectora
879 2617 986 2700 Poeni3

251 2719 323 2786 Nec
338 2733 402 2786 tam
417 2741 545 2786 aversus
560 2741 658 2806 equos
673 2720 775 2807 Tyrii
789 2719 836 2787 sol
847 2722 949 2808 jungit
963 2721 1006 2786 sb
1019 2719 1109 2820 urbe.

252 2823 318 2888 Seu
332 2844 388 2888 vos
403 2823 596 2910 Hesperiam
610 2845 755 2912 magnam
771 2825 979 2910 Saturniaque
994 2845 1081 2908 arva,

249 2928 330 2994 Sive
344 2926 461 3014 Erycis
476 2927 553 2993 fines
568 2949 739 3016 regemque
753 2931 866 3015 optatis
881 2931 1028 3008 Acesten,

251 3027 383 3096 Auxilio
398 3043 479 3096 tutos
493 3029 660 3112 dimittam,
672 3031 850 3118 opibusque
860 3029 992 3120 juvabo·

252 3131 361 3198 Vultis
374 3147 407 3199 et
421 3132 470 3198 bis
486 3155 609 3200 mecum
622 3137 744 3219 puriter
758 3133 924 3200 considere
938 3137 1065 3222 regnisl

253 3233 378 3299 Urbem
392 3255 486 3320 quam
500 3248 603 3300 statuo
616 3249 723 3302 vestre
737 3247 802 3302 est:
824 3234 989 3304 subducite
1003 3255 1119 3304 nares:

251 3337 337 3404 'l'ros
351 3337 534 3424 Tyriusque
548 3335 626 3402 mibi
641 3335 726 3404 nullo
741 3335 922 3406 discrimine
937 3351 1057 3424 agenn.

249 3444 359 3525 Atque
374 3441 491 3506 utinam
507 3461 564 3506 rex
580 3444 649 3526 ipae
664 3439 748 3506 Noto
761 3439 938 3528 compulsus
954 3439 1066 3506 eodem

251 3542 375 3610 Adoret
390 3541 522 3609 AEneas!
546 3541 703 3629 Equidem
717 3565 775 3630 per
790 3543 894 3610 beura
907 3557 1012 3610 certos

251 3647 429 3728 Dimittam,
444 3661 476 3713 et
490 3647 605 3736 Libye
622 3647 755 3715 lustrare
770 3661 911 3714 extrema
921 3645 1054 3735 jubebo,

252 3751 289 3816 Si
305 3750 418 3834 quibus
434 3752 551 3838 ejectus
565 3750 654 3818 silvis
668 3764 722 3818 aut
735 3753 866 3818 urbibus
881 3763 978 3818 erret.

297 3851 362 3916 His
377 3856 512 3920 animum
527 3858 642 3920 arrecti
656 3853 760 3936 dictis,
775 3867 807 3922 et
821 3857 910 3922 sortis
924 3853 1064 3920 Achates

248 3955 293 4024 Et
308 3967 400 4041 pater
414 3955 530 4022 AEneas
540 3957 723 4046 jamdudum
739 3979 904 4044 erumpere
918 3957 1034 4024 nubem
1222 3967 1285 4027 58⁰

245 4060 430 4128 Ardebant.
455 4065 544 4130 Prior
559 4065 678 4134 AEnesn
692 4063 862 4154 compellet
876 4063 1034 4134 Achates:

248 4163 336 4230 Nate
350 4163 425 4245 desi,
440 4185 510 4251 quae
524 4189 608 4236 nunc
622 4173 726 4242 animo
739 4169 893 4236 sententis
906 4171 1024 4256 turgitl
