2992 5102
198 493 237 554 to
585 488 869 550 GEORGIGORUM

241 638 348 717 Quum
362 641 492 725 graviter
505 640 600 704 mosis
615 642 708 725 gemit
723 661 796 706 area
810 639 955 726 frugibus,
971 656 1003 707 et
1018 664 1111 728 quum

242 746 424 831 Surgentem
440 744 479 808 ad
495 745 663 829 zephyrum
679 745 773 830 palate
785 745 936 831 jactantur
950 747 1066 814 inanes.

240 849 450 928 Hoc-faciunt,
465 849 559 915 nimio
573 871 613 914 ne
628 851 702 914 luxu
717 852 851 916 obtusior
863 871 936 918 usus
1199 856 1260 919 lbi

241 958 289 1022 Sit
299 956 420 1041 genitali
436 975 518 1032 arvo,
534 969 566 1019 et
580 955 682 1020 sulcos
696 956 822 1020 oblimet
837 958 972 1039 inertes;

241 1061 306 1126 Sed
321 1062 417 1147 rapiat
432 1060 536 1124 sitiens
550 1059 718 1138 Venerem,
733 1059 918 1145 interiusque
930 1063 1087 1128 recondat.

283 1167 403 1231 Rursus
417 1187 491 1230 cura
502 1178 622 1250 patrum
638 1167 761 1244 cadero,
778 1179 810 1229 et
824 1167 994 1232 succedere
1010 1179 1138 1232 mamm

238 1271 358 1357 Incipit.
382 1268 510 1336 Exactis
525 1271 655 1355 gravide
667 1292 761 1356 quum
777 1273 932 1336 mensibus
947 1289 1059 1352 emant,

237 1375 309 1442 Non
325 1378 391 1441 illas
406 1377 546 1460 gravibus
561 1378 719 1460 quisquam
730 1377 805 1463 juga
821 1377 936 1442 ducere
951 1379 1101 1462 plaustris,
1199 1383 1260 1445 tto

238 1483 310 1549 Non
326 1484 401 1548 saltu
418 1501 562 1567 superare
572 1481 653 1544 siam
669 1483 706 1545 sit
721 1503 838 1567 passus,
854 1495 886 1546 et
900 1485 963 1546 acri
1022 1539 1025 1548 r

238 1585 376 1674 Carpere
392 1601 477 1672 prata
493 1584 575 1668 fugi,
587 1584 755 1670 fluviosque
771 1588 875 1651 innare
891 1609 1031 1672 rapaces.

239 1694 371 1759 Saltibus
385 1695 414 1756 in
429 1692 534 1757 raonis
549 1705 685 1776 pascant,
702 1705 733 1755 et
743 1690 834 1776 plena
850 1693 1022 1758 secundum

237 1799 388 1876 Flumina,
406 1817 528 1862 muscus
542 1796 605 1873 uhi,
621 1811 653 1860 et
663 1797 843 1862 viridissima
858 1800 993 1881 gramine
1009 1800 1085 1883 ripe,

237 1907 458 1992 speluncaeque
473 1917 587 1986 tegant,
603 1916 634 1965 et
649 1923 743 1966 saxea
760 1903 908 1986 procubet
922 1903 1040 1968 umbra.

281 2012 339 2078 Est
354 2012 439 2074 lucos
455 2007 545 2072 Silari
560 2009 643 2072 circa
658 2006 835 2091 ilicibusque
852 2007 999 2070 virentem

235 2117 390 2183 Plurimus
405 2114 576 2179 Alburnum
592 2111 730 2189 volitans,
746 2111 795 2175 cui
811 2130 922 2175 nomen
937 2110 1013 2174 asilo

237 2223 411 2287 Romanum
428 2234 485 2296 est,
501 2231 625 2282 oestntm
642 2215 727 2281 Graii
743 2213 863 2278 venire
877 2229 1045 2293 vocantem

237 2329 347 2413 Asper,
364 2324 475 2388 acerba
490 2343 622 2400 sonans;
645 2337 705 2404 quo
719 2334 783 2384 tnta
798 2321 943 2384 exterrita
957 2319 1039 2384 silvis

237 2427 405 2514 Diffugiunt
421 2442 577 2505 armentap
600 2424 671 2489 furit
685 2425 849 2509 mugitibus
865 2425 958 2490 ether

237 2535 422 2609 Concussus,
439 2532 592 2614 silveque,
608 2543 639 2593 et
651 2530 725 2593 sicci
741 2529 806 2612 ripa
821 2529 968 2613 Tanagri.

238 2638 310 2705 Hoc
326 2638 477 2724 quondam
491 2648 626 2708 monstro
638 2633 796 2700 horribiles
812 2636 953 2699 exercuit
967 2635 1027 2700 iras

235 2746 365 2812 lnacbic
379 2744 460 2808 Juuo
475 2755 593 2828 pestem
609 2741 754 2805 meditata
764 2740 918 2826 juvence.

236 2849 330 2917 Hunc
346 2869 476 2936 quoque,
491 2869 562 2911 nam
577 2844 686 2910 mediis
701 2842 869 2908 fervoribus
884 2846 983 2910 acrior
998 2846 1097 2922 instet,

235 2955 366 3022 Aroebis
381 2953 503 3038 gravido
518 2950 634 3036 pecori,
650 2963 846 3032 armentaque
863 2968 983 3040 pasces·

238 3061 312 3127 Sole
327 3056 436 3123 recens
448 3071 525 3134 orto,
538 3067 590 3118 aut
604 3065 727 3118 noctem
738 3053 921 3118 ducentibus
935 3053 1034 3116 astris.

279 3165 356 3230 Post
371 3176 499 3248 partum,
515 3181 588 3225 cura
600 3161 630 3223 in
645 3161 754 3224 vitulos
768 3157 935 3223 traducitur
949 3160 1047 3224 omnis
1059 3180 1070 3239 ;

237 3269 453 3353 Continuitque
469 3281 553 3332 notas
568 3280 599 3331 et
614 3268 735 3332 nomina
752 3267 848 3350 gentis
863 3267 1005 3344 inurunt;

236 3379 280 3443 Et
295 3395 380 3462 quos,
397 3389 448 3438 aut
463 3374 565 3456 pecori
581 3372 686 3435 malint
701 3370 876 3435 submittere
892 3370 1044 3448 habendo,

236 3483 300 3546 Aut
315 3482 374 3546 aris
389 3499 510 3542 servare
526 3498 638 3554 sacros,
654 3490 707 3540 aut
720 3476 862 3540 scindere
877 3489 1001 3552 terram,

236 3586 281 3652 Et
295 3605 437 3670 campum
452 3582 625 3646 horrentem
641 3580 743 3646 fractis
757 3583 907 3646 invertere
923 3579 1040 3664 glebis:

237 3693 359 3757 Cetera
374 3701 536 3774 pascuntur
550 3689 661 3752 virides
676 3701 813 3752 armenta
823 3708 880 3772 per
894 3687 1016 3750 herbas.

235 3797 287 3862 Tu
300 3816 375 3880 quos
390 3795 429 3858 ad
445 3793 577 3858 studium
592 3805 682 3877 atque
696 3815 784 3857 usum
796 3791 939 3856 formabis
954 3801 1124 3874 agrestem*

235 3901 306 3966 Jam
320 3899 429 3964 vitulos
443 3897 574 3975 hortare,
590 3898 731 3983 viamque
746 3897 849 3960 insiste
865 3895 1021 3972 domandi,

236 4007 321 4071 Dum
337 4003 442 4068 faciles
458 4005 548 4067 animi
559 4003 717 4089 juvenum,
733 4006 805 4068 dum
822 4002 940 4066 mobilis
955 4016 1036 4067 retas

238 4115 285 4183 hc
301 4107 430 4196 primurn
445 4108 530 4171 laxos
542 4111 625 4174 tenui
641 4111 680 4174 de
696 4111 805 4174 vimine
821 4109 930 4174 circlos

238 4215 361 4282 Cervici
376 4213 543 4290 subnecte;
565 4213 687 4292 debinc,
699 4217 750 4279 ubi
765 4215 859 4280 libera
873 4213 952 4278 colla
