2956 5132
671 522 786 586 unm
804 523 848 584 11..
1237 525 1297 584 145

251 677 392 746 Intonuit
404 672 528 754 levum,
542 685 574 738 et
588 671 630 738 de
645 673 727 740 omlo
741 674 831 761 lapso
845 695 904 760 per
917 673 1046 741 umbras

251 781 354 848 Stella
368 779 468 844 mem
483 775 603 844 ducens
618 776 715 843 multi
729 793 800 844 tum
814 777 885 844 luce
900 780 1050 844 cucurrit.

251 884 355 964 lllam,
368 901 487 948 summ
501 901 596 966 super
611 879 769 950 lubentem
783 880 921 948 culmina
937 884 1021 962 tecti,
1044 933 1048 940 .
1177 875 1184 886 '
1230 882 1292 942 695

253 987 420 1052 Cernimus
436 983 522 1048 ides
536 983 657 1050 claram
671 1005 705 1048 se
719 982 857 1048 condere
872 982 960 1060 silvi,

255 1089 497 1176 signantemque
512 1086 597 1150 vias:
621 1095 685 1152 tum
699 1085 791 1172 longo
805 1084 900 1152 limite
915 1085 1017 1164 amous

254 1193 320 1258 Dat
333 1193 446 1270 lucem,
460 1203 492 1256 et
505 1189 568 1256 late
581 1188 701 1256 circum
713 1190 783 1256 loca
797 1189 912 1256 autore
926 1189 1052 1259 fumant

155 1317 161 1329 ·
233 1315 237 1324 “
253 1297 322 1366 Hic
337 1295 416 1382 verti⁸
428 1295 528 1360 vietum
541 1293 661 1381 genitor
674 1315 709 1358 se
724 1293 802 1360 tollit
815 1291 856 1357 ad
871 1313 974 1372 aures,

252 1399 440 1484 Affaturqoe
453 1397 541 1477 deos,
554 1409 587 1460 et
600 1409 740 1462 sanctum
753 1394 840 1460 sidus
854 1393 976 1462 adorat.
1233 1399 1293 1459 700

253 1503 326 1568 Jam
336 1505 404 1590 jam
418 1501 503 1566 ntdla
517 1521 606 1566 mora
621 1513 687 1564 est:
700 1499 832 1586 sequor,
847 1513 889 1582 et,
902 1497 964 1585 qui
979 1497 1100 1578 ducitis,
1112 1495 1230 1564 adsum·

252 1603 302 1670 Di
314 1603 416 1688 patrii,
430 1614 554 1668 servate
568 1601 704 1682 domum,
718 1614 840 1670 servate
853 1613 1017 1687 nepotem:

253 1707 404 1772 Vestrum
418 1704 479 1769 hoo
494 1704 666 1790 attguritm,
681 1716 845 1790 vestroque
860 1705 893 1770 in
906 1702 1029 1770 numme
1044 1703 1143 1790 Troja
1156 1715 1213 1768 est.

254 1807 348 1874 Cedo
362 1807 529 1892 equidem3
551 1825 620 1886 nec,
634 1817 717 1886 uate,
731 1805 787 1870 tibi
801 1827 905 1872 comes
919 1807 965 1872 ire
978 1827 1099 1874 recuso·

296 1911 430 1975 Dixerat
444 1910 515 1991 ille3
537 1910 646 1996 etjam
659 1910 841 1995 permoenia
854 1910 1060 1998 clarioriguis
1232 1913 1292 1974 705

253 2013 399 2094 Auditur,
411 2010 603 2100 propiusque
617 2024 710 2078 testtrs
723 2011 867 2078 incendia
881 2013 1017 2082 volvunt.

251 2119 337 2205 Ergo
351 2139 421 2203 age,
434 2138 510 2184 care
523 2128 623 2202 pater,
636 2117 753 2200 certici
766 2117 926 2203 imponere
941 2128 1072 2196 ηοω-ως

250 2223 324 2309 lpse
338 2220 452 2285 subibo
467 2220 612 2300 humeris,
626 2241 684 2286 neo
699 2241 749 2286 me
763 2219 855 2288 labor
869 2220 926 2286 iste
940 2219 1101 2306 gravabit:

251 2325 324 2409 Qui
338 2347 392 2390 res
406 2345 539 2410 cumque
552 2322 677 2406 cadent,
690 2346 784 2390 unum
800 2336 831 2390 et
844 2345 1006 2390 commune
1020 2321 1180 2408 periclum,

249 2427 329 2494 Una
344 2425 431 2490 salus
444 2427 593 2494 ambobus
607 2427 676 2492 erit.
721 2425 931 2512 Mihiparvus
946 2425 1029 2492 liilus
1232 2429 1293 2490 710

250 2531 301 2597 Sit
315 2549 441 2608 comes3
462 2539 493 2592 et
506 2527 594 2616 longi
608 2541 712 2594 servet
725 2529 855 2616 vestigio
868 2530 993 2616 conjux.

250 2633 333 2714 Vos,
347 2629 467 2712 famuli,
481 2651 551 2716 quae
565 2631 669 2698 ᾱίοεω
684 2631 793 2698 animis
807 2631 959 2698 advertite
973 2635 1094 2702 vestris.

164 2743 170 2750 ’
250 2736 312 2802 Est
325 2735 405 2800 urbe
419 2734 552 2822 egressis
566 2723 708 2814 tumulus,
723 2733 932 2820 templumque
943 2749 1094 2802 vetustum

250 2839 397 2906 Desertae
412 2838 550 2918 Cereris,
560 2839 711 2924 juxtaque
726 2838 854 2924 antiqua
867 2859 1031 2924 cupressus

250 2943 567 3028 Rolligionepatrum
582 2940 692 3008 multos
706 2955 1031 3028 servataperanoost
1231 2947 1310 3012 tto.

251 3047 351 3114 Hanc
366 3069 407 3112 ex
420 3045 547 3112 diverso
560 3046 667 3112 sedem
680 3049 840 3115 veniemus
853 3047 885 3112 in
899 3067 1002 3114 unam.

251 3149 315 3232 Τιι,
328 3150 458 3237 genitor,
472 3169 552 3234 cape
567 3169 658 3216 sacra
672 3171 774 3230 manu,
788 3149 966 3236 patriosque
981 3150 1134 3216 Penates:

252 3251 320 3331 nte,
334 3249 418 3314 bello
433 3271 451 3314 e
466 3262 552 3316 tanto
565 3249 736 3336 dipmsum
750 3262 783 3314 et
795 3249 882 3316 coede
896 3253 1023 3334 receuti,

251 3355 434 3419 Attreotare
447 3352 545 3432 nelos,
558 3351 658 3418 donec
673 3373 723 3418 me
737 3352 860 3418 flumine
874 3353 945 3418 vivo

249 3456 406 3523 Abluero.
861 3517 864 3524 .
1231 3462 1292 3522 700

251 3562 339 3627 Hmc
353 3563 445 3642 latus,
458 3561 537 3628 latos
551 3562 697 3630 humeros
711 3565 912 3652 subjectaque
926 3563 1010 3630 colltt

251 3664 356 3730 Veste
369 3687 465 3752 snper
479 3666 617 3753 lttlvique
632 3667 784 3736 ituternor
796 3669 879 3756 pelle
893 3669 1000 3749 leonis,

251 3765 464 3854 Sucoedoque
477 3769 582 3834 oneri:
605 3768 726 3836 dextrae
740 3793 774 3836 se
788 3793 904 3857 parvus
918 3769 1002 3836 iiilus

247 3867 419 3954 Inplicuit,
432 3871 632 3958 sequiturque
645 3885 766 3958 patrem
780 3895 842 3938 non
856 3873 998 3958 passibus
1012 3870 1129 3956 atquis3

246 3971 340 4038 Ponti
355 3971 438 4036 subit
452 3975 579 4062 conjux.
623 3975 764 4040 Ferimur
779 3997 834 4062 per
848 3995 949 4060 opaca
963 3974 1119 4042 locorum:
1228 3984 1290 4042 725

246 4073 295 4138 Et
307 4093 369 4152 me,
384 4094 478 4158 quem
492 4074 609 4142 dudum
622 4099 684 4142 iton
695 4076 759 4144 ulla
772 4077 885 4164 injecta
899 4077 1066 4144 movebant

245 4174 345 4256 Tela,
358 4197 462 4262 neque
476 4178 609 4246 adverso
622 4179 783 4267 glomerati
793 4201 834 4248 ex
848 4181 970 4266 agmine
982 4183 1081 4266 Graii,
1133 4210 1135 4221 ¹

559 4289 598 4344 19
