2978 5124
653 497 770 565 tram
787 500 827 566 X.

250 659 320 745 lpse
334 672 431 746 caput
444 657 590 746 populisr
612 658 718 741 Tusco
731 659 773 724 de
787 662 937 745 sanguine
951 664 1046 732 vires,

249 764 334 828 Hinc
350 785 474 848 qqoque
490 762 671 849 quingentos
686 767 718 828 in
733 785 766 828 se
782 764 955 830 Mezentius
970 777 1080 844 armat,

248 865 334 946 Quos
348 879 439 951 patre
454 866 592 944 Benaco,
607 865 726 933 uelatus
740 865 891 932 artmdine
905 865 1028 951 glauce,
1224 871 1285 932 ποῦ
1384 927 1388 936 .

196 1003 208 1013 -
249 968 383 1033 Mincius
398 967 512 1032 infesti
526 967 663 1034 ducebat
678 968 708 1034 in
724 989 852 1054 aequora
866 969 951 1056 pinu.

249 1071 274 1133 lt
288 1072 394 1157 gravis
409 1070 563 1148 Aulestes,
577 1071 770 1156 centenaque
785 1071 900 1136 arbore
914 1071 1025 1136 fluctus

249 1173 409 1238 Verberat
423 1193 604 1258 assurgens,
626 1187 769 1258 spumant
784 1173 866 1238 vada
882 1193 1035 1238 marmore
1050 1193 1153 1238 verso.

249 1283 343 1347 Hunc
359 1282 446 1347 vehit
461 1283 604 1348 immanis
619 1281 739 1361 Triton,
754 1293 785 1346 et
799 1281 916 1346 caerula
931 1283 1051 1348 concha

247 1385 419 1450 Exterreus
432 1385 532 1448 freta:
553 1387 605 1450 cui
621 1383 752 1450 laterum
766 1398 855 1450 tenus
870 1385 995 1470 hispida
1010 1389 1096 1452 nanti

248 1488 346 1554 Frons
361 1487 518 1552 hominem
532 1488 671 1573 prefert,
686 1488 717 1552 in
731 1487 841 1572 pristin
857 1487 971 1554 desinit
982 1487 1079 1567 alvus,

247 1593 382 1678 Spumea
396 1589 541 1682 semifero
556 1591 615 1656 sub
630 1603 757 1675 pectore
772 1604 942 1656 murmurat
957 1590 1050 1656 unda.

247 1694 308 1758 Tot
322 1694 396 1758 lecti
410 1713 558 1780 proceres
572 1707 620 1758 ter
635 1693 724 1758 denis
740 1693 870 1758 navibus
885 1695 973 1760 ibant

247 1797 393 1862 Subsidio
408 1797 525 1884 Trojae,
539 1811 572 1862 et
584 1818 713 1883 campos
727 1796 801 1862 salis
815 1809 879 1862 aere
893 1799 1055 1864 secabant.

287 1901 421 1986 Jamque
434 1899 505 1964 dies
519 1899 600 1964 coelo
614 1913 822 1979 concesserat,
837 1899 982 1986 almaque
996 1921 1090 1965 curru

247 2003 418 2090 Noctivago
434 2001 553 2068 Phoebe
568 2001 704 2068 medium
719 2001 864 2088 pulsabat
879 2000 1061 2088 Olympum.

245 2103 374 2186 AEneas,
388 2127 489 2190 neque
504 2109 588 2172 enim
601 2106 751 2172 membris
765 2105 822 2170 dat
834 2127 911 2170 cura
926 2109 1072 2190 quietem,

247 2209 315 2294 lpse
329 2208 441 2274 sedens
455 2208 642 2293 clavumque
655 2211 736 2294 regit
750 2207 890 2294 velisque
905 2211 1070 2276 ministrat.

246 2312 347 2398 Atque
363 2311 419 2394 illi,
434 2311 537 2378 medio
551 2313 584 2378 in
598 2312 708 2398 spatio,
725 2311 840 2378 chorus
855 2333 930 2378 ecce
946 2333 1072 2376 suatum

242 2415 390 2482 Occurrit
403 2418 561 2495 comitum,
576 2413 745 2501 Nymphae,
760 2437 839 2500 quas
854 2413 936 2480 alme
952 2413 1089 2500 Cybebe

243 2519 365 2585 Numen
380 2518 500 2582 habere
514 2519 620 2596 maris,
635 2517 863 2604 Nymphasque
879 2539 896 2581 e
911 2516 1042 2584 navibus
1058 2539 1135 2600 esse,

242 2621 261 2684 J
265 2633 402 2686 usserat:
427 2620 575 2686 innabant
589 2623 718 2706 pariter,
733 2620 905 2706 fluctusque
919 2622 1079 2702 secabant,

244 2724 326 2806 Quot
340 2719 425 2809 priris
440 2734 545 2786 aeratae
560 2735 709 2788 steterant
724 2721 764 2788 ad
780 2721 883 2788 littora
898 2745 1011 2809 prorae.

243 2830 422 2914 Agnoscunt
436 2824 527 2912 longe
541 2847 659 2912 regem,
672 2824 863 2910 lustrantque
878 2825 1012 2892 choreis.

241 2930 381 3010 Quarum
396 2949 465 3014 quae
475 2925 567 2994 ‘laudi
583 2927 763 2994 doctissima
778 2928 993 3015 Cymodocea,

243 3032 327 3098 Pone
342 3053 485 3118 sequena,
499 3029 612 3096 dexut
626 3031 754 3118 puppim
770 3044 863 3112 tenet,
878 3032 1007 3118 ipsaque
1022 3031 1115 3100 dorso

243 3137 375 3217 Eminet,
390 3157 428 3200 ac
443 3133 523 3200 leva
536 3135 640 3202 tacitis
654 3136 845 3223 subremigat
860 3135 962 3202 undis.

243 3238 322 3305 Tum
337 3241 382 3304 sic
397 3241 537 3326 ignarum
552 3237 734 3324 alloquitur:
758 3237 932 3325 vigilasne,
945 3239 1040 3306 deum
1054 3264 1139 3330 gens,

242 3339 366 3409 AEneal
387 3342 494 3430 vigila,
508 3357 540 3408 et
553 3343 633 3408 velis
648 3343 776 3408 immitte
792 3342 949 3410 rudentes.

242 3444 306 3512 Nos
320 3467 425 3510 sumus
442 3445 534 3510 ldaeoe
549 3465 641 3512 sacro
655 3443 696 3510 de
712 3448 831 3512 vertice
845 3448 945 3533 pinus,

243 3547 330 3614 Nunc
344 3548 450 3636 pelagi
464 3547 634 3634 Nymphae,
646 3548 756 3614 classis
771 3561 835 3614 tua.
879 3549 1021 3616 Perfidus
1035 3563 1069 3616 ut
1083 3575 1140 3619 nos

243 3649 422 3738 Pracipites
436 3653 521 3718 ferro
533 3649 665 3718 Rutulus
681 3651 866 3738 flammisque
881 3655 1055 3738 premebat,

242 3752 394 3842 Rupimus
410 3755 514 3820 invitae
529 3768 582 3820 tua
598 3754 734 3836 vincula,
749 3766 841 3842 teque
855 3777 914 3842 per
928 3777 1037 3840 aequor

241 3857 426 3940 Quaerimus.
471 3858 567 3924 Hauc
580 3859 721 3945 genetrix
736 3858 850 3926 faciem
864 3861 1011 3924 miserata
1023 3860 1142 3944 refecit,

240 3965 281 4030 Et
293 3964 383 4031 dedit
398 3987 467 4030 esse
481 3964 568 4046 deas,
582 3987 746 4051 avumque
761 3967 878 4051 agitare
890 3967 951 4030 sub
966 3965 1067 4032 undis.

240 4069 280 4132 At
294 4090 375 4154 puer
390 4069 542 4134 Ascanius
552 4091 642 4135 muro
656 4068 807 4153 fossisque
822 4081 945 4134 tenetur

239 4169 320 4236 Tela
336 4171 416 4236 inter
430 4170 535 4236 media
548 4183 642 4256 atque
657 4170 820 4236 horrentes
835 4169 938 4236 Marte
953 4169 1092 4240 Latinos.
