2846 5102
215 486 253 540 54
613 477 900 544 GEORGlCORUbl

258 628 380 698 Laurus
394 645 479 698 eret:
502 632 573 700 solis
584 632 665 699 bsud
682 634 751 700 ullis
763 635 897 700 lubentio
911 637 1031 715 renus,

258 737 334 806 Flos
349 739 485 824 opprimo
501 751 619 806 tonsu:
642 741 758 805 enimus
773 755 807 805 et
819 741 933 806 olentis
947 739 1036 807 Medi

257 843 322 909 Ora
338 844 515 926 ferentillo,
531 859 563 910 et
577 848 699 912 senibus
710 833 902 913 medicentur
917 849 1044 912 anhelis.
1224 855 1284 916 ret

301 955 365 1020 Sed
382 978 484 1041 neque
499 957 675 1036 Medorum,
691 957 772 1022 silve
785 957 943 1034 ditissime,
959 971 1051 1034 terre,

256 1061 326 1126 Nec
342 1063 471 1147 pulcher
485 1045 622 1148 Gsng'es,
634 1078 726 1147 atque
742 1083 817 1126 curo
831 1062 970 1128 turbidus
985 1061 1132 1140 Hermus,

256 1169 415 1234 Laudibus
431 1169 524 1233 ltslie
540 1183 675 1248 certent;
698 1189 759 1232 non
775 1167 900 1247 Baetra,
916 1189 1016 1252 neque
1031 1168 1110 1246 ludi,

253 1273 395 1358 Totoque
411 1272 564 1336 tburilsris
579 1270 738 1337 Panchaia
752 1272 872 1356 pinguis
888 1271 1000 1336 arenis.

254 1377 331 1442 Hrec
347 1380 415 1444 loos
430 1401 489 1443 non
505 1380 581 1443 truri
597 1378 746 1462 spirantes
761 1377 884 1444 nuribus
896 1378 997 1460 ignem
1221 1383 1285 1442 tto

254 1481 420 1560 Invenire,
436 1483 508 1548 sutis
518 1483 657 1546 immonis
672 1481 814 1546 dentibus
830 1480 940 1565 hydri3

254 1587 324 1652 Nec
340 1587 435 1673 galeis
450 1589 613 1672 densisque
625 1585 722 1652 virdm
739 1607 828 1672 seges
843 1586 959 1652 horruit
973 1585 1086 1652 hestisr
1204 1653 1209 1662 ,

256 1692 319 1757 Sed
336 1694 466 1777 gravide
483 1689 585 1778 fruges
601 1705 633 1755 ct
647 1690 767 1755 Bacchi
782 1690 936 1755 Massicus
952 1690 1061 1756 humor

253 1797 447 1884 Implerir03
471 1813 573 1862 teuent
588 1796 674 1874 otee,
691 1810 890 1882 armentoque
903 1796 982 1860 lete.

197 1934 203 1948 ·
253 1905 335 1969 Hinc
346 1905 474 1972 bellator
490 1923 587 1989 equus
598 1925 709 1990 eampo
721 1925 790 1968 sese
807 1903 920 1967 arduus
935 1902 1047 1984 inlert3
1220 1913 1282 1972 145

253 2007 335 2074 Hinc
348 2008 418 2088 ulbi,
435 2007 603 2086 Clitumne,
619 2027 740 2092 greges,
756 2021 787 2071 et
802 2008 937 2072 maxims
951 2021 1056 2074 tsurus
1262 2031 1275 2067 r

253 2111 396 2194 Victima,
413 2114 493 2200 sepe
510 2130 562 2179 tuo
577 2113 691 2199 perfusi
707 2112 832 2177 llumiue
848 2134 947 2192 sucro,

217 2277 221 2288 ,
253 2223 412 2287 Romanos
427 2223 465 2286 sd
483 2221 596 2305 templa
612 2219 705 2286 dorim
721 2219 841 2286 duxere
855 2219 1036 2305 triumphos.

253 2325 315 2390 Hic
332 2346 386 2390 ver
401 2326 568 2401 assiduum,
585 2339 676 2410 utque
692 2323 798 2390 alienis
813 2325 969 2390 mensibus
986 2337 1094 2406 estss3
1174 2407 1178 2417 ⁸

253 2433 309 2497 Bis
325 2432 454 2516 grauido
470 2431 619 2516 pecudes,
634 2430 681 2493 bis
695 2433 795 2514 pomis
810 2431 890 2494 utilis
905 2431 1005 2494 orbor.
1221 2437 1285 2496 150

252 2538 295 2602 At
309 2536 420 2602 rabide
435 2535 530 2619 tigres
545 2534 666 2610 sbsunt,
682 2549 714 2598 et
729 2553 808 2599 seve
823 2535 947 2598 leonum

254 2640 379 2706 Semina
392 2661 402 2720 ;
424 2659 483 2702 nec
499 2637 626 2702 miseros
642 2637 748 2702 sollunt
762 2638 882 2702 reonitu
898 2639 1059 2724 legentes3

254 2747 286 2812 N
287 2768 324 2810 ec
339 2745 418 2831 repit
429 2745 594 2809 immensos
609 2743 700 2808 orbes
715 2763 772 2830 per
786 2744 924 2822 humum,
939 2765 1040 2830 neque
1056 2759 1140 2811 tanto

254 2855 428 2938 Squameus
442 2851 472 2915 in
488 2851 601 2937 spitum
615 2863 714 2916 unctu
730 2871 764 2914 se
780 2849 894 2935 colligit
909 2853 1028 2936 anguls.

253 2961 346 3025 Adde
362 2971 406 3023 tot
420 2957 560 3043 egregios
572 2957 675 3037 urbes,
689 2977 881 3042 operumque
896 2956 1047 3037 laborem,
1171 2989 1178 3002 ·
1220 2961 1283 3022 155

253 3063 317 3130 Tot
332 3077 477 3148 congesta
493 3084 584 3128 manu
601 3063 760 3148 preruptis
772 3062 887 3148 oppidu
903 3063 996 3140 sexis,

254 3171 457 3255 Fluminaque
470 3170 609 3254 antiquos
624 3169 859 3234 subterlabentis
874 3188 988 3234 muros.

254 3279 304 3341 An
321 3297 404 3340 mers
421 3276 502 3360 quod
518 3273 610 3360 suprit
625 3295 806 3349 memorem,
823 3271 967 3358 quodque
983 3271 1066 3338 ulloit
1081 3271 1181 3338 iniri?

253 3385 344 3448 Anne
359 3385 445 3448 lacus
461 3381 584 3446 tentos?
607 3395 649 3459 te,
665 3378 739 3445 Luri
755 3379 901 3455 maxime,
918 3393 1021 3464 teque,
1231 3467 1234 3474 1

254 3489 415 3556 Fluctibus
429 3503 461 3553 et
476 3485 596 3552 fremitu
614 3507 786 3570 assurgens,
802 3482 943 3562 Benace,
958 3484 1099 3550 morino?
1222 3485 1286 3548 160

203 3597 240 3670 4
254 3599 304 3662 An
321 3615 489 3661 memorem
504 3607 619 3678 portus,
636 3591 833 3676 Lucrinoque
850 3590 953 3656 additu
968 3591 1109 3670 clsustru,

254 3703 357 3786 Atque
373 3700 560 3784 indignatum
575 3697 693 3782 mugnis
708 3696 887 3762 stridoribus
902 3715 1015 3780 equor,

255 3809 335 3873 Julia
352 3806 413 3891 quit
426 3817 520 3890 ponto
531 3801 620 3888 longe
637 3815 724 3866 sonst
736 3801 817 3867 undu
833 3801 948 3877 refuso,

255 3912 500 3998 Tyrrhenusque
515 3909 601 3974 iretis
613 3909 784 3976 immittitur
799 3921 888 3973 euos
901 3901 1059 3973 Auernis?

300 4016 378 4082 Heu
394 4015 504 4082 erdem
519 4017 635 4104 argenti
650 4016 730 4080 rivos
741 4016 867 4100 erisque
880 4015 1002 4082 metello
1224 4015 1287 4078 lus

256 4122 398 4190 Ostendit
413 4122 509 4200 venis,
526 4137 617 4209 utque
633 4143 708 4187 uuro
719 4122 850 4207 plurime
865 4121 963 4187 fluxit.

137 4209 142 4224 ’
260 4231 335 4296 Haec
348 4249 443 4314 genus
458 4247 530 4292 sere
547 4227 655 4308 einim,
671 4227 803 4308 Morsus,
820 4229 995 4316 pubemque
1013 4225 1178 4304 Sabellum,
