2992 5102
200 491 241 548 40
291 539 297 557 ,
596 489 884 554 GEORGlCORUM

243 639 357 708 Omnia
373 659 439 726 que
453 639 549 704 multd
565 641 634 706 ante
651 663 769 718 mernor
779 647 900 728 provisu
914 665 1056 732 repones,

245 745 280 812 Si
295 761 326 811 te
343 747 434 831 digna
449 760 553 812 manet
568 747 660 812 divini
676 749 772 832 gloria
786 750 876 814 ruris.

288 851 443 918 Continuo
458 854 489 916 in
504 853 586 919 silvis
602 851 712 938 magni
727 855 756 918 vi
772 852 855 920 flexa
871 855 1012 922 dometur

241 956 276 1023 In
292 957 391 1022 burim
407 971 438 1021 et
452 959 537 1022 curvi
553 956 683 1022 sormam
698 959 810 1044 accipit
826 959 925 1026 ulmus
936 961 1037 1028 aratri.
1212 967 1273 1028 1⁷0
1296 1039 1301 1044 ¹

242 1063 327 1132 Huic
343 1086 361 1128 a
377 1065 468 1151 stirpe
484 1065 582 1150 pedes
596 1081 680 1130 temo
695 1079 852 1151 protentus
866 1069 897 1132 in
912 1083 995 1149 octo,

241 1169 329 1236 Bina
345 1193 445 1250 aures,
462 1172 575 1257 duplici
590 1185 730 1258 aptantur
746 1173 879 1239 dentalia
893 1175 995 1240 dorso.

242 1275 379 1343 Ceditur
393 1293 426 1342 et
440 1277 502 1342 tilia
517 1276 586 1342 ant'e
596 1278 674 1365 jugo
684 1278 770 1356 levis,
786 1279 907 1364 altaque
923 1277 1011 1364 sagus

240 1380 344 1462 Stiuas,
360 1404 426 1469 qua
442 1369 549 1449 sumus
565 1403 584 1445 a
598 1395 686 1466 tergo
700 1396 841 1467 torqueat
856 1384 956 1448 imos:

239 1485 284 1555 Et
299 1511 445 1575 suspense
456 1488 533 1555 loeis
548 1490 688 1573 explorat
703 1489 813 1553 robora
827 1487 940 1554 fumus.
1210 1494 1275 1554 175

284 1592 416 1660 Possum
432 1594 525 1659 multa
540 1594 593 1658 tibi
609 1607 747 1658 veterum
763 1607 916 1679 precepta
932 1591 1059 1671 referre,

241 1697 284 1766 Ni
299 1699 424 1784 refugis,
439 1714 608 1784 tenuesque
621 1701 705 1783 piget
719 1719 908 1783 cognoscere
923 1721 1026 1766 curas.

284 1806 368 1869 Area
382 1826 454 1868 cum
470 1803 575 1888 primis
590 1803 702 1888 ingenti
718 1805 866 1889 equauda
881 1804 1031 1890 cylindro,

240 1905 284 1976 Et
297 1911 444 1976 vertenda
459 1932 562 1987 manu,
578 1923 610 1972 et
623 1907 710 1974 oreti
723 1908 883 1974 solidanda
897 1912 1010 1988 tenaci,

239 2015 292 2082 Ne
309 2017 437 2081 subeant
451 2014 565 2093 herbe,
581 2035 642 2078 neu
658 2013 783 2099 pulvere
800 2014 881 2080 vieta
896 2012 1025 2094 senseat,
1211 2017 1273 2080 teo

238 2121 323 2190 Turn
339 2123 428 2187 varic
442 2121 570 2187 illudant
586 2133 709 2206 pestes:
731 2118 813 2205 sepis
829 2121 1044 2204 exiguusmus

238 2228 306 2294 Sub
322 2229 409 2292 terris
425 2229 585 2314 posuitque
601 2226 710 2305 domos
724 2239 816 2310 atque
831 2226 942 2292 horrca
957 2225 1051 2308 seoit;

238 2333 304 2398 Aut
318 2332 415 2398 oculis
430 2334 510 2416 capti
526 2331 633 2397 ludicre
648 2330 761 2396 cubilia
776 2330 886 2416 talpe3

237 2437 446 2523 Incensusque
461 2437 546 2502 cavis
561 2435 646 2514 bufo,
662 2449 694 2500 et
709 2457 775 2521 que
792 2436 922 2522 plurima
937 2451 1025 2502 terras

239 2542 378 2610 Monstra
394 2541 516 2622 feruut;
538 2541 723 2626 populatque
739 2541 893 2627 ingentem
906 2542 993 2608 farris
1009 2563 1153 2608 acervum
1210 2545 1271 2612 165

201 2716 206 2724 .
239 2647 399 2728 Curculio,
415 2663 506 2734 atque
522 2646 604 2731 inopi
619 2661 761 2713 metuens
776 2645 904 2712 formica
919 2663 1063 2716 senecte.

284 2756 517 2842 Contemplator
533 2757 617 2832 item,
634 2775 727 2840 quum
743 2777 776 2820 se
792 2777 856 2820 nux
871 2756 1002 2840 plurima
1017 2757 1098 2824 suris

240 2865 394 2934 Inductio
411 2861 518 2928 florem
534 2876 565 2926 et
580 2881 680 2926 remos
696 2863 833 2928 curvabit
847 2861 988 2928 olentes:

170 2983 176 3000 '
242 2975 275 3042 Si
293 2985 436 3058 superant
451 2968 553 3045 lectus,
569 2967 680 3053 pasiter
696 2967 847 3034 frumenta
861 2983 1038 3054 sequentur,

240 3079 416 3165 Magnaque
432 3096 626 3159 cummagno
643 3074 744 3138 veniet
758 3073 863 3138 tritura
878 3074 1005 3140 calores
1210 3078 1273 3142 190

239 3185 293 3264 At,
309 3186 333 3250 si
349 3180 470 3247 luxurii
483 3179 623 3244 soliorum
639 3181 788 3245 exuberat
803 3180 921 3258 umbra,

242 3288 460 3376 Nequidquam
476 3287 604 3370 pingues
620 3283 709 3371 paleis
724 3296 802 3348 teret
818 3305 890 3350 area
906 3285 1035 3352 culmos.

287 3395 412 3461 Semina
428 3392 489 3457 vidi
505 3391 647 3478 equidem
663 3391 775 3458 multos
790 3392 946 3458 medicare
962 3407 1111 3474 serentes,

165 3541 169 3550 -
215 3533 218 3541 ¹
243 3503 287 3570 Et
302 3503 378 3566 nitro
394 3497 477 3587 prius
492 3514 522 3563 et
538 3497 623 3584 nigri
638 3497 823 3584 perfundere
840 3497 975 3578 emuncti,

243 3611 396 3679 Grandior
411 3622 444 3672 ut
459 3605 549 3672 soetus
564 3605 678 3690 siliquis
693 3603 851 3670 fallacibus
866 3621 968 3688 essem
1209 3609 1273 3673 195

242 3719 295 3792 At,
312 3715 449 3800 quamvis
459 3713 520 3796 igni
536 3711 648 3793 exiguo
663 3725 825 3795 properata
839 3712 1008 3788 maderent,

244 3823 315 3888 Vidi
333 3823 412 3886 lecta
428 3821 478 3884 diu
496 3833 526 3882 et
542 3818 635 3882 multo
651 3831 788 3902 spectata
802 3818 906 3881 labore

243 3929 445 4012 Degenerare
460 3940 573 4001 tamen,
588 3923 618 3986 ni
630 3923 675 3988 vis
690 3923 822 3989 humana
838 3923 998 4007 quotannis

245 4032 384 4100 Maxima
401 4047 526 4115 quaque
543 4049 632 4094 manu
649 4027 788 4112 legeret:
811 4027 855 4091 sic
871 4025 974 4090 omnia
988 4022 1058 4092 satis

245 4141 280 4206 ln
300 4139 385 4225 pejus
400 4155 500 4212 ruere,
517 4157 553 4202 ao
568 4112 650 4200 reb-o
666 4133 806 4220 sublapsa
821 4132 939 4198 referri.

246 4243 318 4313 Non
333 4243 418 4309 aliter
434 4237 525 4326 quien
541 4241 591 4323 qui
606 4241 735 4308 adverso
750 4241 802 4306 vix
817 4237 941 4312 fluuius
956 4239 1092 4313 lembum
1211 4247 1218 4261 '
