2956 5132
151 495 205 557 128
592 489 779 552 AEifflmd

191 637 380 706 Crimim‘bus
393 652 512 706 terrere
526 640 633 720 novis3
654 640 726 706 hinc
741 663 887 730 spargere
901 664 996 713 voees

189 743 224 808 15
239 743 362 829 vulgum
376 742 546 828 ambiguas,
561 757 592 806 et
606 763 747 826 quaerere
761 747 901 810 conscius
915 768 1016 816 arma.

166 847 257 913 .Nec
272 849 424 932 requievit
438 846 528 926 enim,
541 845 641 911 donec
657 847 831 938 Caiqbente
845 851 995 916 minisuo.
1007 895 1017 917 .
1027 897 1059 920 ..
1161 864 1224 924 100

189 950 251 1015 Sed
268 949 341 1036 quid
356 973 414 1036 ego
431 951 497 1014 haec
512 963 615 1016 autem
629 947 840 1036 nequidquam
855 953 975 1040 ingrate
990 959 1141 1024 revolvo?

188 1052 311 1136 Quidve
325 1057 451 1116 morort
474 1052 506 1116 Si
519 1073 626 1116 omnes
640 1074 700 1116 555
714 1051 823 1120 ordine
838 1053 962 1120 habetis
977 1059 1123 1142 Achivos,

189 1161 286 1246 idque
301 1159 409 1226 audire
424 1173 470 1224 sat
485 1173 540 1238 est,
550 1161 617 1246 jam
631 1158 747 1224 dudum
762 1163 872 1226 sumite
886 1186 1007 1248 poenes.

188 1263 261 1330 Hoc
274 1264 397 1330 ithacus
407 1262 491 1342 velit,
505 1275 536 1326 et
550 1285 660 1349 magno
678 1277 856 1330 mercentur
870 1268 1000 1332 Atridae.

230 1366 311 1432 Tum
325 1365 401 1430 verb
415 1365 559 1430 ardemus
573 1367 677 1431 scitari
692 1379 723 1432 et
737 1388 878 1451 quaerere
893 1391 1015 1452 causas,
1163 1381 1221 1440 105

188 1471 291 1556 Ignari
304 1470 453 1557 ecelemm
470 1481 623 1534 tantorum
637 1471 772 1554 artisque
788 1471 944 1557 Pelasgae„

189 1571 387 1657 Prosequitur
400 1575 552 1656 pavitans,
566 1585 597 1635 et
612 1572 683 1636 ficto
696 1585 821 1658 pectore
837 1574 936 1638 tatur:

231 1676 321 1760 Sept
335 1676 438 1760 fugam
454 1674 557 1740 Danai
573 1675 669 1762 Tropi
682 1675 809 1760 cupiere
823 1675 931 1741 relicti

187 1779 302 1858 Moliri,
316 1793 346 1842 et
361 1778 451 1864 longo
464 1779 538 1842 fessi
551 1778 713 1844 discedere
728 1778 823 1850 bello.

184 1883 551 1966 Fecissentqueutinam!
574 1881 748 1967 Soepdillos
763 1905 875 1970 aspera
888 1889 975 1971 ponti
1162 1897 1221 1954 110

187 1985 358 2052 interclusit
373 1985 482 2064 hiems,
495 1999 526 2049 et
540 1985 648 2048 terruit
658 1987 772 2050 Auster
785 2001 902 2052 euntes.

156 2093 160 2102 ’
187 2087 356 2173 Praecipue,
371 2109 465 2170 quum
475 2088 543 2173 jam
556 2087 607 2151 hic
623 2087 764 2152 trabibus
778 2101 941 2155 contextus
956 2089 1078 2154 acernis

187 2192 290 2255 Staret
304 2211 410 2274 equus,
425 2201 488 2252 toto
502 2203 667 2254 sonuerunt
681 2189 797 2254 ethere
812 2192 921 2256 nimbi.

186 2295 332 2380 Suspensi
349 2291 546 2378 Eurypylum
561 2295 704 2358 scitatum
718 2293 846 2358 oracula
864 2294 974 2358 Phoebi

183 2397 350 2474 Mittimus3
371 2400 460 2479 isque
475 2394 579 2480 adytis
595 2396 663 2459 haee
674 2397 772 2460 tristia
786 2397 871 2462 dicta
883 2411 1041 2483 reportat:
1160 2409 1218 2465 115

185 2499 338 2584 Sanguine
353 2496 498 2580 placastis
513 2509 620 2560 ventos
634 2509 665 2559 et
681 2498 799 2584 virgine
813 2499 905 2580 csend,

184 2601 286 2683 Quum
300 2595 432 2684 primirm
444 2594 564 2676 iliacas,
577 2597 692 2678 Danai,
707 2600 833 2666 venistis
848 2603 888 2666 ad
904 2625 992 2684 oras3

185 2704 337 2788 Sanguine
348 2697 506 2786 quaerendi
520 2698 647 2780 reditus,
660 2702 824 2788 animaque
839 2703 989 2770 litandum

183 2803 340 2893 Argolicd.
363 2802 458 2888 Vulgi
473 2823 541 2887 quie
557 2824 617 2866 vox
633 2816 666 2866 ut
680 2805 764 2868 venit
777 2805 819 2870 ad
833 2828 935 2890 aures,

181 2906 380 2994 Obstupuere
395 2905 987 2993 animbgeliduaqueperimacucurrit
1153 2921 1213 2978 120

181 3013 262 3078 Ossa
276 3025 411 3103 tremam
431 3009 482 3072 cui
495 3007 559 3074 iata
574 3023 693 3094 parent,
708 3032 798 3096 quem
812 3025 920 3098 poscat
934 3013 1058 3098 Apollo.

181 3113 247 3181 nte
264 3111 388 3175 Ithacus
402 3123 504 3174 vatem
519 3131 630 3196 magno
644 3111 820 3177 Calchanta
834 3113 962 3178 tumultu

181 3213 337 3281 Protrahit
351 3213 383 3276 in
396 3208 532 3290 medios3
554 3234 623 3298 quae
638 3213 697 3278 sint
712 3236 752 3278 ea
765 3213 889 3280 numine
904 3213 1010 3282 divum

179 3319 329 3405 Flagitat:
353 3328 383 3380 et
398 3315 472 3380 mihi
480 3315 548 3402 jam
561 3315 648 3380 multi
662 3315 789 3380 crudele
803 3317 959 3382 canebant

178 3422 315 3488 Artificis
328 3419 439 3499 scelus,
453 3431 483 3482 et
498 3417 581 3482 taciti
596 3418 894 3484 venturavidebant.
1155 3429 1214 3484 12⁵

179 3524 234 3590 Bis
249 3525 358 3609 quinos
372 3521 441 3586 silet
455 3520 507 3586 iile
518 3520 595 3601 dies,
610 3533 770 3605 tectusque
785 3533 909 3586 recusat

179 3627 315 3693 Prodere
330 3647 408 3689 voce
422 3623 478 3688 sud
493 3644 688 3708 quemquam,
703 3635 755 3687 aut
769 3645 926 3709 opponere
940 3627 1042 3692 morti.

177 3730 246 3795 Vix
261 3727 384 3792 tandem
399 3726 517 3810 magnis
532 3723 632 3788 lthaci
646 3723 837 3790 clamoribus
852 3739 948 3806 actus,

178 3828 357 3914 Compositd
371 3828 484 3914 rumpit
497 3848 616 3907 vocem,
631 3832 663 3892 'et
675 3849 725 3893 me
739 3825 871 3890 destinat
885 3847 961 3890 arm.

178 3929 347 3999 Assensere
362 3952 487 4011 omnes3
511 3944 551 4012 et,
566 3951 635 4016 quae
651 3930 710 3994 sibi
725 3929 854 4012 quisque
869 3925 1006 4004 timebat,

179 4031 278 4097 Unius
292 4031 323 4094 in
337 4029 440 4094 miseri
455 4033 581 4096 exitium
595 4051 747 4096 conversa
760 4027 870 4092 tuldre.

179 4137 311 4219 Jamque
326 4130 393 4196 dies
407 4132 534 4200 infanda
549 4135 674 4200 aderat:
698 4131 773 4198 mihi
788 4151 877 4196 sacra
893 4130 1007 4216 parari⁷
