2992 5102
616 873 857 956 ECLOGA
884 879 946 959 Il.

721 1163 852 1212 seme.

287 1289 481 1356 Fomrosurt
494 1301 595 1374 pastor
606 1287 760 1376 Corydon
777 1293 904 1357 ardebat
918 1295 1041 1376 Alexin,

288 1397 430 1463 Delicias
442 1397 579 1475 domini;
601 1419 672 1475 nec,
690 1399 763 1482 quid
779 1415 924 1484 speraret,
940 1403 1083 1469 habebat.

289 1501 426 1568 Tantum
442 1502 521 1567 inter
537 1504 658 1583 densas,
673 1505 819 1568 umbrosa
833 1509 1004 1587 cacumine,
1021 1509 1106 1595 sagos

292 1611 425 1676 Assiduie
437 1611 599 1674 veniebat:
622 1612 663 1676 ihi
678 1612 744 1676 hec
760 1612 914 1676 incondita
930 1616 1012 1680 solus

292 1713 447 1780 Montibus
462 1729 495 1777 et
509 1714 591 1778 silvis
607 1716 708 1780 studio
718 1716 854 1801 jactabat
869 1718 949 1782 inani
964 1740 972 1778 ε

339 1821 369 1884 O
384 1819 518 1884 crudelis
532 1817 637 1898 Alexi,
654 1819 727 1883 nihil
743 1841 813 1884 mea
828 1823 963 1886 carmina
978 1843 1091 1906 curas3

293 1923 348 1988 Nl
362 1925 454 1990 nostri
469 1925 617 1988 miserere
635 1946 645 2002 ς
668 1925 745 1988 mori
761 1945 811 1989 me
827 1925 960 2014 denique
976 1948 1069 2014 coges
1086 1934 1094 1995 l
1147 1965 1150 1970 ⁴

293 2025 386 2094 Nunc
402 2031 494 2094 etiam
510 2031 647 2117 pecudes
662 2032 785 2096 umbras
801 2045 833 2097 et
848 2030 1120 2121 frigoralcaptant3
1157 2023 1162 2030 ⁵

292 2133 387 2200 Nunc
400 2137 515 2200 virides
530 2139 622 2202 etima
636 2121 923 2225 occmmtdpidita
939 2125 1091 2206 lacertos:

206 2227 238 2304 ,J
257 2303 263 2325 ‚
291 2239 504 2358 'I'hestylippt
518 2243 622 2352 rapido
634 2242 720 2309 fessis
735 2246 921 2310 messoribus
933 2259 1016 2325 estu,

134 2365 170 2389 ψ
195 2353 231 2382 ³²
256 2359 275 2382 ’·
291 2344 377 2408 Alln
392 2317 629 2430 seipyllimque,
643 2347 753 2412 herbas
768 2349 927 2414 contundit
941 2351 1078 2416 olentes:

291 2449 339 2512 At
354 2469 477 2512 mecum
492 2449 601 2525 raucis,
617 2464 669 2514 tua
685 2452 758 2516 dum
774 2453 902 2537 vestigia
916 2454 1021 2536 lustro,

294 2551 369 2617 Sole
385 2554 442 2616 suh
458 2553 574 2618 ardenti
589 2569 733 2620 resonant
749 2557 871 2622 arbusta
882 2559 1009 2625 cicadis.

294 2657 407 2723 Nonne
423 2657 479 2723 fuit
494 2662 587 2724 satius
602 2662 703 2725 tristes
718 2662 915 2746 Amaryllidis
930 2668 991 2730 iras

153 2801 158 2808 -
293 2763 399 2847 Atque
416 2765 547 2850 superbe
562 2766 625 2848 pati
641 2765 762 2830 fastidia
775 2769 788 2829 ἓ
812 2790 913 2835 nonne
927 2771 1101 2856 Menalcan,

294 2867 445 2943 Quamvis
460 2869 509 2933 ille
525 2870 622 2953 niger,
639 2873 776 2954 quamvis
787 2885 819 2935 tu
835 2877 984 2942 candidus
999 2880 1104 2944 esses?

295 2970 329 3034 0
344 2971 475 3037 formose
491 2993 578 3058 puer,
594 2973 721 3043 uimiitm
737 2997 777 3040 ne
791 2979 888 3065 ,crede
904 2981 1022 3064 colori3

190 3061 205 3084 ⁰
295 3076 378 3142 Alba
392 3079 516 3163 ligustra
526 3079 652 3159 cadunt,
667 3069 807 3170 tiniini'a
822 3083 906 3170 nigra
921 3088 1072 3170 leguntur.

233 3180 239 3189 ’
295 3180 474 3266 Despectus
488 3184 541 3248 tibi
557 3205 636 3262 sum,
651 3170 711 3251 nec
727 3189 779 3272 qni
791 3190 847 3252 sim
863 3193 981 3275 queris,
993 3193 1106 3275 Alexi3

297 3284 405 3360 Quian
421 3288 506 3352 dives
523 3289 644 3373 pecoris
659 3291 751 3369 nivei,
769 3292 859 3379 quim
874 3297 961 3361 lactis
976 3301 1143 3366 abundans.
1281 3308 1324 3368 20

296 3387 386 3452 Mille
403 3411 477 3455 mee
494 3391 607 3458 Siculis
622 3398 768 3462 errantia
784 3401 935 3465 montibus
950 3425 1033 3488 agne
1046 3429 1057 3484 3

296 3492 367 3557 Lac
382 3495 455 3561 mihi
470 3519 529 3562 non
545 3513 647 3564 estate
663 3522 786 3582 novum,
802 3527 863 3570 non
880 3507 991 3594 frigore
1010 3510 1093 3576 defit.

297 3597 412 3678 Canto,
429 3624 495 3687 qua
511 3605 624 3684 solitus,
640 3607 665 3670 si
681 3609 803 3693 quando
818 3629 954 3680 armenta
965 3620 1104 3698 vocabat,

296 3706 454 3792 AmphTon
469 3709 609 3774 Dirceus
619 3713 650 3774 in
666 3713 773 3780 Acten
788 3715 977 3802 Aracyntho.

194 3825 199 3834 ·
297 3809 371 3875 Nec
386 3833 453 3876 snm
469 3815 548 3879 adeo
563 3815 719 3898 informis3
741 3842 839 3904 nuper
855 3826 946 3890 mein
964 3827 1061 3892 littore
1074 3831 1146 3908 vidi,

299 3914 407 3990 Quum
423 3918 578 4002 placidum
593 3923 690 3986 ventis
706 3937 799 3989 staret
813 3949 918 3992 mare:
942 3951 1002 3995 non
1018 3955 1076 4018 ego
1092 3935 1250 4021 Daphnin,

292 4017 408 4086 Judice
423 4037 467 4102 te,
484 4038 628 4104 metuam,
644 4029 835 4116 siuunquam
851 4033 935 4100 sallat
944 4036 1055 4123 imago.

340 4125 372 4190 Ο
388 4128 504 4192 tantum
521 4129 613 4195 libeat
626 4154 748 4198 mecum
764 4138 817 4201 tihi
833 4141 1036 4210 sordidarum

288 4237 402 4324 Atque
416 4236 551 4304 humiles
565 4239 700 4308 hahitare
715 4265 813 4324 casas,
830 4261 860 4312 et
874 4249 967 4336 figere
984 4273 1101 4331 cervos,
