2936 5122
148 477 210 538 tre
594 471 785 534 mumma

194 631 408 720 Larisamque
422 651 517 698 manu
530 629 637 698 validi
651 629 795 698 lacerare
809 627 965 696 revulsam

196 736 343 802 Semiviri
360 733 507 820 Phrygis,
521 746 553 800 et
566 732 688 798 loedare
703 734 734 814 ip
749 730 880 818 puluere
893 735 998 798 crines

194 838 348 906 Vibratos
362 837 469 904 calido
484 837 578 918 ferro,
592 835 785 924 myrrhaque
801 835 973 904 madentes.
1176 839 1237 900 too

240 943 302 1006 llis
318 946 420 1028 agitur
434 943 534 1022 iuriis,
548 954 676 1026 totoque
691 940 830 1006 ardentis
844 941 886 1006 ab
900 961 955 1006 ore

198 1043 348 1110 Scintilla
364 1043 535 1124 absistunt3
556 1043 657 1122 oculis
670 1048 767 1113 micat
781 1043 909 1108 acribus
923 1043 1021 1130 ignis:

197 1149 334 1236 Mugitus
348 1149 444 1214 veluti
460 1167 555 1233 quum
569 1150 670 1234 prima
681 1152 717 1220 in
730 1147 845 1233 proelia
861 1161 968 1214 taurus

197 1251 368 1317 Terrificos
383 1256 455 1333 ciet,
470 1264 564 1338 atque
579 1253 673 1318 irasci
689 1252 720 1316 in
734 1271 852 1318 cornua
866 1261 973 1330 tentat,
1042 1241 1055 1251 ⁵

198 1353 329 1417 Arboris
342 1353 475 1418 obnixus
492 1366 611 1434 trunco,
626 1366 797 1438 ventosque
812 1349 937 1418 lacessit

199 1455 327 1535 lctibus,
343 1469 374 1520 et
388 1455 498 1542 sparsa
512 1455 554 1522 ad
569 1477 705 1543 pugnam
719 1453 859 1542 proludit
872 1453 980 1520 areni.

242 1557 311 1621 Nec
326 1554 426 1622 minis
441 1557 562 1624 interea
575 1558 722 1624 maternis
736 1577 838 1622 servus
852 1558 885 1622 in
899 1555 994 1621 armis

198 1657 318 1724 AEneas
333 1661 416 1724 acuit
431 1661 667 1740 Marcomeres
682 1659 809 1734 suscitat
824 1658 885 1739 ira,

199 1763 317 1828 Obloto
330 1763 470 1850 gaudens
484 1764 628 1849 componi
642 1761 761 1828 foedere
776 1761 904 1830 bellum.

199 1865 281 1930 Tum
296 1865 397 1930 socios
411 1869 574 1950 moestique
588 1877 705 1933 metum
719 1863 837 1930 solatur
852 1864 925 1944 luit,

201 1967 281 2048 Fato
296 1967 413 2034 docens
428 1994 437 2048 ;
460 1969 587 2056 regique
598 1967 690 2056 jubet
703 1989 853 2054 responsa
866 1967 982 2034 Latino
1010 1953 1013 1958 ¹

200 2069 297 2136 Certa
311 2071 431 2136 referre
446 2074 540 2152 viros,
555 2085 587 2136 et
600 2071 688 2157 pacis
702 2069 811 2136 dicere
826 2069 923 2158 leges.

244 2173 374 2238 Postera
388 2173 442 2238 vix
456 2194 591 2240 summos
605 2163 774 2260 spargebat
790 2171 906 2238 lumine
920 2184 1043 2238 montes

199 2277 278 2342 Orta
294 2276 371 2357 dies,
386 2295 480 2361 quum
494 2275 627 2364 prlmlun
642 2277 705 2344 alto
719 2299 754 2342 se
767 2276 888 2364 gurgite
904 2275 1015 2342 tollunt

201 2379 282 2444 Solis
298 2379 379 2464 equi,
395 2378 559 2464 lucemque
574 2379 664 2446 elatis
678 2380 808 2446 naribus
822 2377 946 2446 efflant:

200 2481 356 2566 Campum
370 2481 412 2546 ad
426 2495 596 2564 certamen,
609 2503 730 2570 magum
744 2483 804 2548 sub
818 2483 971 2550 moenibus
985 2483 1085 2564 urbis,
1132 2521 1135 2528 -

202 2583 346 2648 Dimensi
362 2583 531 2671 Rutulique
546 2586 607 2652 viri
621 2585 801 2672 Teucrique
815 2587 992 2673 parabant;

202 2686 236 2751 ln
250 2685 417 2772 medioque
433 2689 531 2768 socos,
544 2701 575 2754 et
588 2687 869 2785 dis‘communibus
884 2709 955 2756 aras
1085 2685 1090 2694 '

201 2788 409 2868 Gramineas;
429 2788 484 2855 alii
497 2790 675 2875 fontemque
690 2791 854 2878 ignemque
868 2790 1025 2872 serebant,

202 2894 311 2960 Veluti
325 2894 408 2976 limo,
423 2908 455 2962 et
468 2896 606 2962 verbena
621 2911 762 2983 tempora
776 2899 884 2962 vincti.

205 2995 351 3062 Procedit
366 2997 447 3084 legio
462 2999 666 3081 Ausonidum,
680 2997 840 3086 pilataque
854 2999 956 3088 plenis

206 3101 344 3188 Agmina
357 3123 392 3167 se
406 3103 537 3170 fundunt
550 3107 666 3189 portis:
689 3103 761 3170 h'urc
777 3105 891 3171 Troius
904 3104 1014 3186 omnis,

203 3203 450 3291 Tyrrhenusque
465 3207 526 3272 ruit
540 3208 636 3272 variis
649 3211 808 3272 exercitus
822 3209 934 3274 armis:

205 3307 303 3372 Haud
319 3329 410 3374 secus
424 3309 564 3378 instructi
580 3309 674 3390 ferro,
689 3309 781 3395 quim
796 3313 822 3375 si
837 3331 950 3397 aspera
965 3309 1080 3376 Martia
1097 3321 1100 3327 '

206 3410 313 3498 Pugna
328 3425 429 3478 vocet.
472 3411 618 3478 Necnon
632 3412 743 3480 mediis
758 3413 789 3478 in
804 3413 939 3480 millibus
953 3413 1022 3500 ips?

205 3511 363 3578 Ductores
378 3532 454 3578 euro
469 3513 599 3580 volitant
612 3529 759 3601 osuoque
774 3515 893 3596 decori,

130 3673 133 3685 .
207 3619 248 3685 Et
262 3643 358 3708 genus
373 3626 522 3690 Assaraci
536 3623 728 3704 Mnestheus,
740 3636 774 3688 et
787 3625 877 3690 sortis
890 3620 1017 3710 Asylas,

208 3723 249 3788 Et
264 3726 428 3811 Messapus
443 3727 556 3809 equdm
571 3726 713 3806 domitor,
728 3726 884 3812 Neptunia
897 3726 1013 3813 proles.

94 3917 96 3921 ι
208 3823 323 3912 thue,
338 3829 413 3894 dato
427 3830 524 3916 signo,
539 3830 639 3915 spatia
653 3830 754 3896 insua
769 3831 900 3916 quisque
913 3833 1056 3912 recessit,

207 3928 355 4016 Defigunt
369 3931 478 3997 tellure
493 3931 608 4013 hastas,
623 3945 654 3998 et
667 3947 754 4000 scuta
768 3933 933 4000 reclinant.

210 4033 292 4098 Tum
306 4033 408 4101 studio
423 4033 528 4102 effusae
542 4049 666 4118 mamm,
681 4049 713 4102 et
726 4036 834 4124 vulgos
849 4037 1009 4118 inermum,

112 4161 118 4174 ·
211 4137 407 4223 invalidique
420 4162 521 4222 senes,
533 4153 636 4208 turres
648 4154 681 4208 et
694 4153 777 4210 tecta
790 4139 954 4208 domorum
