2914 5130
197 521 255 578 204
639 514 829 580 mmos

239 670 406 750 Concidit:
427 685 462 737 ut
475 671 632 758 qnondam
647 691 728 738 nara
742 671 889 752 concidit,
902 683 957 737 aut
972 669 1180 760 Erymantho,

240 779 304 842 Aut
319 777 374 842 ldti
388 781 421 844 in
436 777 558 864 magni,
572 775 735 842 radicibus
748 789 837 841 erata
851 778 953 862 pinna.

240 881 439 967 Consurgunt
452 879 562 946 etudiie
576 879 693 944 Teucri
707 892 739 944 et
753 879 918 944 Trinacria
932 879 1053 967 pubest
1213 887 1276 942 ⁴50

242 983 269 1047 lt
283 981 402 1048 clamor
416 981 518 1062 coel03
539 981 718 1068 mimuaque
732 983 870 1046 accurrit
884 985 1025 1064 liceatea,

241 1083 484 1172 Equevumque
499 1085 542 1150 ab
557 1084 651 1150 humo
665 1085 817 1149 miserans
831 1083 944 1150 attollit
960 1086 1104 1150 amicum.

239 1189 292 1268 At,
306 1211 367 1254 non
382 1187 523 1254 tardatus
536 1209 613 1252 casu
626 1209 728 1274 neque
742 1191 878 1268 territus,
894 1187 987 1254 beroe

241 1291 354 1356 Acrior
368 1289 409 1356 ad
423 1313 559 1378 pugnam
571 1289 666 1370 redit,
681 1311 721 1354 aa
735 1293 800 1356 vin
814 1291 1022 1370 muitetur,

240 1393 322 1458 Tum
336 1392 439 1480 pudor
452 1393 591 1460 incenffit
604 1395 698 1474 virm,
712 1408 743 1458 et
756 1395 1014 1460 conecievirtua:
1214 1401 1277 1458 ⁴55

241 1497 495 1584 Pracipitemque
510 1497 620 1564 Daren
634 1497 748 1562 ardena
763 1499 826 1585 agit
841 1517 964 1584 equore
979 1509 1053 1576 tato,

239 1599 270 1664 N
272 1622 332 1664 unc
345 1599 459 1666 dextr-t
473 1601 665 1686 ingeminans
679 1599 768 1680 ictus,
781 1621 863 1665 nune
878 1599 932 1665 ille
946 1599 1081 1682 sinistri.

240 1703 309 1768 Nec
324 1723 420 1783 more,
435 1723 494 1768 nec
509 1704 653 1788 requies:
677 1705 770 1788 quam
784 1702 880 1768 nuta
894 1701 1046 1790 grandine
1059 1705 1156 1769 nimbi

240 1805 438 1872 Culminibus
451 1807 615 1895 crepitant,
628 1809 675 1870 nic
690 1804 794 1872 densis
809 1805 922 1871 ictibus
937 1805 1030 1871 heros
1233 1854 1239 1863 .

239 1909 365 1975 Creber
377 1909 509 1994 utrique
524 1930 618 1975 manu
632 1908 735 1995 pulsat
749 1921 917 1995 versatque
931 1908 1063 1976 Dareta.
1214 1909 1279 1974 460

239 2011 321 2076 Tum
335 2023 427 2098 pater
441 2010 555 2076 AEueae
569 2009 744 2098 procedere
759 2009 879 2099 lendin
893 2015 958 2076 irae

239 2115 281 2182 Et
296 2119 407 2182 saevire
421 2116 532 2182 animle
548 2116 706 2181 Entellum
721 2115 804 2182 haud
819 2137 928 2203 paeana
944 2115 1085 2181 acerbint

240 2217 303 2283 Sed
319 2217 410 2283 finem
425 2221 571 2304 imposuit
585 2219 896 2306 pugnn,.ieaeumque
911 2218 1033 2284 Dareta

240 2321 373 2406 Eripuit,
388 2319 526 2386 muleelra
540 2320 651 2402 dictie3
673 2341 711 2386 ac
726 2319 801 2386 talia
815 2323 917 2387 laturre

239 2423 371 2490 lnselix!
393 2446 463 2510 quae
479 2437 564 2489 tanta
579 2427 714 2506 animum
729 2424 885 2490 dementia
899 2429 1003 2512 cepit!
1216 2432 1280 2492 46⁵

241 2527 312 2594 Non
327 2528 411 2592 vires
425 2526 514 2607 alias,
528 2547 743 2612 conversaque
757 2530 893 2609 nurnine,
908 2532 1024 2594 sentiet

241 2629 332 2695 Cede
347 2629 418 2693 dee.
462 2629 626 2714 fixitque,
640 2641 671 2694 et
684 2629 799 2715 patella
813 2651 892 2695 voce
905 2629 1040 2698 diremit.

242 2733 300 2798 Ast
314 2730 401 2797 illum
415 2731 470 2796 fidi
484 2731 632 2817 aequales,
643 2753 744 2818 genua
757 2753 846 2819 tegra
860 2733 1045 2812 trahentem,

243 2837 486 2921 laetantemque
500 2834 633 2921 utrdqae
647 2848 753 2922 caput,
766 2855 968 2923 crassumque
987 2859 1131 2932 cruorem

244 2939 310 3006 Ore
325 2941 511 3027 ejectantem
526 2944 701 3026 mixtosque
716 2941 747 3005 in
761 2945 911 3029 sanguine
925 2941 1044 3023 dentes,
1216 2950 1282 3011 tto

243 3041 371 3108 Ducunt
386 3042 428 3108 ad
443 3065 556 3108 naves:
578 3042 763 3131 galeamque
777 3065 955 3130 ensemque,
968 3047 1081 3126 vocati,

244 3145 432 3230 Accipiunt3
453 3143 591 3230 palmam
607 3145 731 3212 Entello
744 3159 928 3232 taurumque
942 3145 1129 3232 relinquunt.

245 3245 313 3312 Hie
327 3249 438 3327 victor,
452 3267 601 3333 superans
616 3248 735 3328 animis,
748 3261 901 3334 tauroque
914 3249 1084 3334 superbuar

247 3349 330 3415 Nate
344 3349 414 3431 det,
429 3371 547 3436 vaeque
563 3351 642 3432 hec,
656 3354 766 3438 inquit,
779 3355 968 3439 cognoscite,
982 3351 1109 3433 Teucri,

245 3453 288 3520 Et
302 3453 377 3520 mihi
392 3475 461 3540 que
476 3454 589 3520 luerint
598 3455 783 3544 juvenaliin
798 3477 932 3544 corpore
945 3456 1038 3536 vires,
1216 3467 1279 3525 47⁵

247 3557 289 3622 Et
303 3557 365 3643 qut
379 3561 510 3623 servetis
523 3571 703 3624 revocatum
717 3581 737 3624 a
752 3572 851 3624 morte
864 3559 996 3625 Dareta.

247 3657 349 3738 Dixit,
363 3671 394 3724 et
409 3658 533 3724 adversi
547 3673 657 3726 contra
670 3661 824 3726 stetitora
836 3661 973 3748 juvenci,

246 3760 310 3844 Qui
324 3761 439 3827 donum
454 3761 599 3830 adstabat
612 3785 743 3851 pugnae,
765 3763 921 3850 durosque
938 3763 1067 3832 reducti

250 3863 396 3929 Libravit
410 3865 522 3930 dextrt
536 3866 641 3931 media
656 3869 739 3932 inter
751 3887 869 3932 cornua
883 3881 998 3932 cestus

246 3963 384 4046 Arduus,
399 3965 589 4052 effractoque
603 3967 690 4034 illisit
704 3969 736 4032 in
750 3989 821 4032 osea
835 3968 981 4032 cerebro.
1218 3981 1280 4038 480

249 4069 412 4150 Sternitur,
426 4072 641 4157 exanimisque
655 4084 790 4136 tremens
804 4071 981 4156 procumbit
994 4071 1080 4139 humi
1096 4075 1163 4140 bns.

249 4171 306 4238 llle
320 4193 413 4257 super
425 4171 505 4238 talea
518 4171 648 4238 effundit
660 4187 788 4259 pectore
801 4193 911 4242 voees:
